
	<marc:record>
		<marc:leader>01400nam a2200313 a 4500</marc:leader>
		<marc:controlfield tag="001">017022649</marc:controlfield>
		<marc:controlfield tag="003">UkOxU</marc:controlfield>
		<marc:controlfield tag="008">051216r20062005enk           000 1 eng  </marc:controlfield>
		<marc:datafield tag="020" ind1=" " ind2=" ">
			<marc:subfield code="a">0099474662</marc:subfield>
			<marc:subfield code="q">pocket</marc:subfield>
		</marc:datafield>
		<marc:datafield tag="038" ind1=" " ind2=" ">
			<marc:subfield code="a">Uk</marc:subfield>
		</marc:datafield>
		<marc:datafield tag="041" ind1="1" ind2=" ">
			<marc:subfield code="a">eng</marc:subfield>
			<marc:subfield code="h">nor</marc:subfield>
		</marc:datafield>
		<marc:datafield tag="090" ind1=" " ind2=" ">
			<marc:subfield code="a">TCD</marc:subfield>
			<marc:subfield code="b">PB-265-587</marc:subfield>
		</marc:datafield>
		<marc:datafield tag="100" ind1="1" ind2=" ">
			<marc:subfield code="a">Fossum, Karin</marc:subfield>
			<marc:subfield code="d">1954-</marc:subfield>
			<marc:subfield code="4">aut</marc:subfield>
			<marc:subfield code="0">http://viaf.org/viaf/120627630</marc:subfield>
		</marc:datafield>
		<marc:datafield tag="240" ind1="1" ind2="0">
			<marc:subfield code="a">Elskede poona.</marc:subfield>
			<marc:subfield code="l">Engelsk</marc:subfield>
			<marc:subfield code="0">http://viaf.org/viaf/1200151051894733530006</marc:subfield>
		</marc:datafield>
		<marc:datafield tag="245" ind1="1" ind2="0">
			<marc:subfield code="a">Calling out for you! /</marc:subfield>
			<marc:subfield code="c">Karin Fossum ; Translatedfrom the Norwegian by Charlotte Barslund</marc:subfield>
		</marc:datafield>
		<marc:datafield tag="260" ind1=" " ind2=" ">
			<marc:subfield code="a">London :</marc:subfield>
			<marc:subfield code="b">Vintage,</marc:subfield>
			<marc:subfield code="c">2006.</marc:subfield>
		</marc:datafield>
		<marc:datafield tag="300" ind1=" " ind2=" ">
			<marc:subfield code="a">387 p. ;</marc:subfield>
			<marc:subfield code="c">18 cm.</marc:subfield>
		</marc:datafield>
		<marc:datafield tag="336" ind1=" " ind2=" ">
			<marc:subfield code="a">text</marc:subfield>
			<marc:subfield code="b">txt</marc:subfield>
			<marc:subfield code="0">http://rdaregistry.info/termList/RDAContentType/1020</marc:subfield>
			<marc:subfield code="2">rdacontent</marc:subfield>
		</marc:datafield>
		<marc:datafield tag="337" ind1=" " ind2=" ">
			<marc:subfield code="a">unmediated</marc:subfield>
			<marc:subfield code="0">http://rdaregistry.info/termList/RDAMediaType/1007</marc:subfield>
			<marc:subfield code="2">rdamedia</marc:subfield>
		</marc:datafield>
		<marc:datafield tag="338" ind1=" " ind2=" ">
			<marc:subfield code="a">volume</marc:subfield>
			<marc:subfield code="b">nc</marc:subfield>
			<marc:subfield code="0">http://rdaregistry.info/termList/RDACarrierType/1049</marc:subfield>
			<marc:subfield code="2">rdacarrier</marc:subfield>
		</marc:datafield>
		<marc:datafield tag="380" ind1=" " ind2=" ">
			<marc:subfield code="a">Novel</marc:subfield>
			<marc:subfield code="0">http://id.loc.gov/authorities/genreForms/gf2011026063</marc:subfield>
			<marc:subfield code="2">LCSH</marc:subfield>
		</marc:datafield>
		<marc:datafield tag="490" ind1="0" ind2=" ">
			<marc:subfield code="a">Konrad Sejer</marc:subfield>
		</marc:datafield>
		<marc:datafield tag="500" ind1=" " ind2=" ">
			<marc:subfield code="a">This translation originally published: London: Harvill, 2005.</marc:subfield>
		</marc:datafield>
		<marc:datafield tag="546" ind1=" " ind2=" ">
			<marc:subfield code="a">Translated from the Norwegian.</marc:subfield>
		</marc:datafield>
		<marc:datafield tag="600" ind1="1" ind2="4">
			<marc:subfield code="a">Sejer, Konrad</marc:subfield>
			<marc:subfield code="c">fiktiv person</marc:subfield>
			<marc:subfield code="4">dcp</marc:subfield>
			<marc:subfield code="0">http://viaf.org/viaf/806144928102154341606</marc:subfield>
		</marc:datafield>
		<marc:datafield tag="650" ind1="2" ind2="7">
			<marc:subfield code="a">Sejer, Konrad</marc:subfield>
			<marc:subfield code="2">BS</marc:subfield>
		</marc:datafield>
		<marc:datafield tag="655" ind1=" " ind2="7">
			<marc:subfield code="a">Kriminal</marc:subfield>
			<marc:subfield code="2">BS</marc:subfield>
		</marc:datafield>
		<marc:datafield tag="700" ind1="1" ind2=" ">
			<marc:subfield code="a">Barslund, Charlotte</marc:subfield>
			<marc:subfield code="e">overs.</marc:subfield>
			<marc:subfield code="4">trl</marc:subfield>
			<marc:subfield code="0">http://viaf.org/viaf/71301550</marc:subfield>
		</marc:datafield>
		<marc:datafield tag="830" ind1=" " ind2="0">
			<marc:subfield code="a">Konrad Sejer serien</marc:subfield>
			<marc:subfield code="l">Norsk</marc:subfield>
			<marc:subfield code="0">http://no.wikipedia.org/wiki/Sejer</marc:subfield>
			<marc:subfield code="v">5</marc:subfield>
		</marc:datafield>
	</marc:record>