
	<marc:record>
		<marc:leader>01256nam a2200277 a 450 </marc:leader>
		<marc:controlfield tag="001">0390774</marc:controlfield>
		<marc:controlfield tag="008">090227b                          1 nob  </marc:controlfield>
		<marc:datafield tag="020" ind1=" " ind2=" ">
			<marc:subfield code="a">978-82-02-29576-9</marc:subfield>
			<marc:subfield code="q">mp3</marc:subfield>
		</marc:datafield>
		<marc:datafield tag="100" ind1="1" ind2=" ">
			<marc:subfield code="a">Fossum, Karin</marc:subfield>
			<marc:subfield code="d">1954-</marc:subfield>
			<marc:subfield code="4">aut</marc:subfield>
			<marc:subfield code="0">http://viaf.org/viaf/120627630</marc:subfield>
		</marc:datafield>
		<marc:datafield tag="240" ind1="1" ind2="4">
			<marc:subfield code="a">Den som frykter ulven</marc:subfield>
			<marc:subfield code="0">http://viaf.org/viaf/8078151051839533530004</marc:subfield>
		</marc:datafield>
		<marc:datafield tag="245" ind1="1" ind2="4">
			<marc:subfield code="a">Den som frykter ulven /</marc:subfield>
			<marc:subfield code="c">Karin Fossum</marc:subfield>
			<marc:subfield code="h">[lydopptak]</marc:subfield>
		</marc:datafield>
		<marc:datafield tag="260" ind1=" " ind2=" ">
			<marc:subfield code="a">[Oslo]  :</marc:subfield>
			<marc:subfield code="b">Cappelen Damm,</marc:subfield>
			<marc:subfield code="c">2009</marc:subfield>
		</marc:datafield>
		<marc:datafield tag="300" ind1=" " ind2=" ">
			<marc:subfield code="a">1 CD (mp3) (7 t, 46 min)</marc:subfield>
		</marc:datafield>
		<marc:datafield tag="336" ind1=" " ind2=" ">
			<marc:subfield code="a">spokenword</marc:subfield>
			<marc:subfield code="b">spw</marc:subfield>
			<marc:subfield code="0">http://rdaregistry.info/termList/RDAContentType/1013</marc:subfield>
			<marc:subfield code="2">rdacontent</marc:subfield>
		</marc:datafield>
		<marc:datafield tag="337" ind1=" " ind2=" ">
			<marc:subfield code="a">audio</marc:subfield>
			<marc:subfield code="0">http://rdaregistry.info/termList/RDAMediaType/1001</marc:subfield>
			<marc:subfield code="2">rdamedia</marc:subfield>
		</marc:datafield>
		<marc:datafield tag="338" ind1=" " ind2=" ">
			<marc:subfield code="a">computerdisc</marc:subfield>
			<marc:subfield code="b">sd</marc:subfield>
			<marc:subfield code="0">http://rdaregistry.info/termList/RDACarrierType/1013</marc:subfield>
			<marc:subfield code="2">rdacarrier</marc:subfield>
		</marc:datafield>
		<marc:datafield tag="380" ind1=" " ind2=" ">
			<marc:subfield code="a">Audiobook</marc:subfield>
			<marc:subfield code="0">http://id.loc.gov/authorities/genreForms/gf2011026063</marc:subfield>
			<marc:subfield code="2">LCSH</marc:subfield>
		</marc:datafield>
		<marc:datafield tag="490" ind1="0" ind2=" ">
			<marc:subfield code="a">Konrad Sejer</marc:subfield>
		</marc:datafield>
		<marc:datafield tag="490" ind1="0" ind2=" ">
			<marc:subfield code="a">Lommelydbok</marc:subfield>
		</marc:datafield>
		<marc:datafield tag="511" ind1="0" ind2=" ">
			<marc:subfield code="a">Lest av Trini Lund</marc:subfield>
		</marc:datafield>
		<marc:datafield tag="600" ind1="1" ind2="4">
			<marc:subfield code="a">Sejer, Konrad</marc:subfield>
			<marc:subfield code="c">fiktiv person</marc:subfield>
			<marc:subfield code="4">dcp</marc:subfield>
			<marc:subfield code="0">http://viaf.org/viaf/806144928102154341606</marc:subfield>
		</marc:datafield>
		<marc:datafield tag="650" ind1="2" ind2="7">
			<marc:subfield code="a">Sejer, Konrad</marc:subfield>
			<marc:subfield code="2">BS</marc:subfield>
		</marc:datafield>
		<marc:datafield tag="655" ind1=" " ind2="7">
			<marc:subfield code="a">Kriminal</marc:subfield>
			<marc:subfield code="2">BS</marc:subfield>
		</marc:datafield>
		<marc:datafield tag="655" ind1=" " ind2="4">
			<marc:subfield code="a">Lydbøker</marc:subfield>
		</marc:datafield>
		<marc:datafield tag="700" ind1="1" ind2=" ">
			<marc:subfield code="a">Lund, Trini,</marc:subfield>
			<marc:subfield code="d">1951-</marc:subfield>
			<marc:subfield code="e">innl.</marc:subfield>
			<marc:subfield code="4">nrt</marc:subfield>
			<marc:subfield code="0">http://viaf.org/viaf/228991488</marc:subfield>
		</marc:datafield>
		<marc:datafield tag="830" ind1=" " ind2="0">
			<marc:subfield code="a">Konrad Sejer serien</marc:subfield>
			<marc:subfield code="l">Norsk</marc:subfield>
			<marc:subfield code="0">http://no.wikipedia.org/wiki/Sejer</marc:subfield>
			<marc:subfield code="v">3</marc:subfield>
		</marc:datafield>
	</marc:record>