
	<marc:record>
		<marc:leader>01426cim a22003137a 4500</marc:leader>
		<marc:controlfield tag="001">20113720</marc:controlfield>
		<marc:controlfield tag="003">LIBRIS</marc:controlfield>
		<marc:controlfield tag="008">170301s2006    fi nnnne|||||||f  n fin|c</marc:controlfield>
		<marc:datafield tag="020" ind1=" " ind2=" ">
			<marc:subfield code="a">951-578-885-4</marc:subfield>
			<marc:subfield code="q">mp3</marc:subfield>
		</marc:datafield>
		<marc:datafield tag="024" ind1="7" ind2=" ">
			<marc:subfield code="a">C05984</marc:subfield>
			<marc:subfield code="2">MTM medienummer</marc:subfield>
		</marc:datafield>
		<marc:datafield tag="041" ind1="1" ind2=" ">
			<marc:subfield code="a">fin</marc:subfield>
			<marc:subfield code="h">nor</marc:subfield>
		</marc:datafield>
		<marc:datafield tag="046" ind1=" " ind2=" ">
			<marc:subfield code="a">m</marc:subfield>
			<marc:subfield code="m">20150812</marc:subfield>
			<marc:subfield code="n">20151011</marc:subfield>
		</marc:datafield>
		<marc:datafield tag="100" ind1="1" ind2=" ">
			<marc:subfield code="a">Fossum, Karin</marc:subfield>
			<marc:subfield code="d">1954-</marc:subfield>
			<marc:subfield code="4">aut</marc:subfield>
			<marc:subfield code="0">http://viaf.org/viaf/120627630</marc:subfield>
		</marc:datafield>
		<marc:datafield tag="240" ind1="1" ind2="0">
			<marc:subfield code="a">Elskede Poona</marc:subfield>
			<marc:subfield code="0">http://viaf.org/viaf/1200151051894733530006</marc:subfield>
		</marc:datafield>
		<marc:datafield tag="245" ind1="1" ind2="0">
			<marc:subfield code="a">Rakas Poona /</marc:subfield>
			<marc:subfield code="c">Karin Fossum ; översättning: Raila Hämäläinen.</marc:subfield>
			<marc:subfield code="h">[lydopptak]</marc:subfield>
		</marc:datafield>
		<marc:datafield tag="264" ind1=" " ind2="1">
			<marc:subfield code="a">Helsingfors :</marc:subfield>
			<marc:subfield code="b">Celia - Biblioteket för synskadade,</marc:subfield>
			<marc:subfield code="c">2006</marc:subfield>
		</marc:datafield>
		<marc:datafield tag="300" ind1=" " ind2=" ">
			<marc:subfield code="a">1 CD-R (mp3) (12 tim., 40 min.)</marc:subfield>
		</marc:datafield>
		<marc:datafield tag="336" ind1=" " ind2=" ">
			<marc:subfield code="a">spokenword</marc:subfield>
			<marc:subfield code="b">spw</marc:subfield>
			<marc:subfield code="0">http://rdaregistry.info/termList/RDAContentType/1013</marc:subfield>
			<marc:subfield code="2">rdacontent</marc:subfield>
		</marc:datafield>
		<marc:datafield tag="337" ind1=" " ind2=" ">
			<marc:subfield code="a">audio</marc:subfield>
			<marc:subfield code="0">http://rdaregistry.info/termList/RDAMediaType/1001</marc:subfield>
			<marc:subfield code="2">rdamedia</marc:subfield>
		</marc:datafield>
		<marc:datafield tag="338" ind1=" " ind2=" ">
			<marc:subfield code="a">computerdisc</marc:subfield>
			<marc:subfield code="b">sd</marc:subfield>
			<marc:subfield code="0">http://rdaregistry.info/termList/RDACarrierType/1013</marc:subfield>
			<marc:subfield code="2">rdacarrier</marc:subfield>
		</marc:datafield>
		<marc:datafield tag="380" ind1=" " ind2=" ">
			<marc:subfield code="a">Audiobook</marc:subfield>
			<marc:subfield code="0">http://id.loc.gov/authorities/genreForms/gf2011026063</marc:subfield>
			<marc:subfield code="2">LCSH</marc:subfield>
		</marc:datafield>
		<marc:datafield tag="490" ind1="0" ind2=" ">
			<marc:subfield code="a">Konrad Sejer</marc:subfield>
		</marc:datafield>
		<marc:datafield tag="500" ind1=" " ind2=" ">
			<marc:subfield code="a">Digital talbok (DAISY 2.02), ljud</marc:subfield>
		</marc:datafield>
		<marc:datafield tag="600" ind1="1" ind2="4">
			<marc:subfield code="a">Sejer, Konrad</marc:subfield>
			<marc:subfield code="c">fiktiv person</marc:subfield>
			<marc:subfield code="4">dcp</marc:subfield>
			<marc:subfield code="0">http://viaf.org/viaf/806144928102154341606</marc:subfield>
		</marc:datafield>
		<marc:datafield tag="650" ind1="2" ind2="7">
			<marc:subfield code="a">Sejer, Konrad</marc:subfield>
			<marc:subfield code="2">BS</marc:subfield>
		</marc:datafield>
		<marc:datafield tag="655" ind1=" " ind2="7">
			<marc:subfield code="a">Kriminal</marc:subfield>
			<marc:subfield code="2">BS</marc:subfield>
		</marc:datafield>
		<marc:datafield tag="655" ind1=" " ind2="4">
			<marc:subfield code="a">Lydbøker</marc:subfield>
		</marc:datafield>
		<marc:datafield tag="700" ind1="1" ind2=" ">
			<marc:subfield code="a">Hämäläinen, Raila,</marc:subfield>
			<marc:subfield code="e">over.</marc:subfield>
			<marc:subfield code="4">nrt</marc:subfield>
			<marc:subfield code="0"/>
			<marc:subfield code="0">http://bokbasen.no/dummynr5</marc:subfield>
		</marc:datafield>
		<marc:datafield tag="830" ind1=" " ind2="0">
			<marc:subfield code="a">Konrad Sejer serien</marc:subfield>
			<marc:subfield code="l">Norsk</marc:subfield>
			<marc:subfield code="0">http://no.wikipedia.org/wiki/Sejer</marc:subfield>
			<marc:subfield code="v">5</marc:subfield>
		</marc:datafield>
	</marc:record>