
	<marc:record>
		<marc:leader>02376nam a2200361 a 450 </marc:leader>
		<marc:controlfield tag="001">0608865</marc:controlfield>
		<marc:controlfield tag="008">180808b                          1 eng  </marc:controlfield>
		<marc:datafield tag="245" ind1="0" ind2="4">
			<marc:subfield code="a">The Cuckoo's calling</marc:subfield>
			<marc:subfield code="h">[video] /</marc:subfield>
			<marc:subfield code="c">written by Ben Richards ; directed by Michael Keillor</marc:subfield>
		</marc:datafield>
		<marc:datafield tag="260" ind1=" " ind2=" ">
			<marc:subfield code="a">[S.l.] :</marc:subfield>
			<marc:subfield code="b">Warner Bros. Home Entertainment,</marc:subfield>
			<marc:subfield code="c">cop. 2017</marc:subfield>
		</marc:datafield>
		<marc:datafield tag="300" ind1=" " ind2=" ">
			<marc:subfield code="a">1 DVD (ca 2 t, 53 min) :</marc:subfield>
			<marc:subfield code="b">lyd, kol.</marc:subfield>
		</marc:datafield>
		<marc:datafield tag="336" ind1=" " ind2=" ">
			<marc:subfield code="a">Two-dimensional moving image</marc:subfield>
			<marc:subfield code="b">tdi</marc:subfield>
			<marc:subfield code="0">http://rdaregistry.info/termList/RDAContentType/1023</marc:subfield>
			<marc:subfield code="2">rdacontent</marc:subfield>
		</marc:datafield>
		<marc:datafield tag="337" ind1=" " ind2=" ">
			<marc:subfield code="a">video</marc:subfield>
			<marc:subfield code="b">v</marc:subfield>
			<marc:subfield code="0">http://rdaregistry.info/termList/RDAMediaType/1008</marc:subfield>
			<marc:subfield code="2">rdamedia</marc:subfield>
		</marc:datafield>
		<marc:datafield tag="338" ind1=" " ind2=" ">
			<marc:subfield code="a">videodisc</marc:subfield>
			<marc:subfield code="b">vf</marc:subfield>
			<marc:subfield code="0">http://rdaregistry.info/termList/RDACarrierType/1052</marc:subfield>
			<marc:subfield code="2">rdacarrier</marc:subfield>
		</marc:datafield>
		<marc:datafield tag="380" ind1=" " ind2=" ">
			<marc:subfield code="a">Motion Picture</marc:subfield>
			<marc:subfield code="0">http://id.loc.gov/authorities/genreForms/gf2011026406</marc:subfield>
			<marc:subfield code="2">LCSH</marc:subfield>
		</marc:datafield>
		<marc:datafield tag="440" ind1=" " ind2="0">
			<marc:subfield code="a">Strike ;</marc:subfield>
			<marc:subfield code="v">1</marc:subfield>
		</marc:datafield>
		<marc:datafield tag="490" ind1="1" ind2=" ">
			<marc:subfield code="a">Strike</marc:subfield>
		</marc:datafield>
		<marc:datafield tag="503" ind1=" " ind2=" ">
			<marc:subfield code="a">Basert på Robert Galbraiths roman</marc:subfield>
		</marc:datafield>
		<marc:datafield tag="505" ind1="1" ind2=" ">
			<marc:subfield code="a">Inneholder 3 episoder</marc:subfield>
		</marc:datafield>
		<marc:datafield tag="511" ind1="0" ind2=" ">
			<marc:subfield code="a">I rollene: Tom Burke, Holliday Grainger, David Avery m.fl.</marc:subfield>
		</marc:datafield>
		<marc:datafield tag="521" ind1=" " ind2=" ">
			<marc:subfield code="a">Aldersgrense: 15 år</marc:subfield>
		</marc:datafield>
		<marc:datafield tag="600" ind1="1" ind2="4">
			<marc:subfield code="a">Strike, Cormoran,</marc:subfield>
			<marc:subfield code="c">fiktiv person</marc:subfield>
			<marc:subfield code="4">dcp</marc:subfield>
			<marc:subfield code="0">http://viaf.org/viaf/81147118265326341782</marc:subfield>
		</marc:datafield>
		<marc:datafield tag="650" ind1="2" ind2="4">
			<marc:subfield code="a">Strike, Cormoran</marc:subfield>
		</marc:datafield>
		<marc:datafield tag="655" ind1=" " ind2="4">
			<marc:subfield code="a">Fjernsynsserie</marc:subfield>
		</marc:datafield>
		<marc:datafield tag="655" ind1=" " ind2="7">
			<marc:subfield code="a">Kriminal</marc:subfield>
			<marc:subfield code="2">BS</marc:subfield>
		</marc:datafield>
		<marc:datafield tag="655" ind1=" " ind2="4">
			<marc:subfield code="a">Spillefilm</marc:subfield>
		</marc:datafield>
		<marc:datafield tag="700" ind1="1" ind2=" ">
			<marc:subfield code="a">Rowling, J. K.</marc:subfield>
			<marc:subfield code="d">1965-</marc:subfield>
			<marc:subfield code="e">forf. bak pseud.</marc:subfield>
			<marc:subfield code="i">http://rdaregistry.info/Elements/w/creatorAgentOfWork.en4</marc:subfield>
			<marc:subfield code="0">http://viaf.org/viaf/116796842</marc:subfield>
			<marc:subfield code="4">http://rdaregistry.info/Elements/w/datatype/P10065</marc:subfield>
		</marc:datafield>
		<marc:datafield tag="700" ind1="1" ind2=" ">
			<marc:subfield code="a">Galbraith, Robert</marc:subfield>
			<marc:subfield code="d">1965-</marc:subfield>
			<marc:subfield code="i">http://rdaregistry.info/Elements/w/motionPictureAdaptationOfWork.en</marc:subfield>
			<marc:subfield code="t">The Cuckoo's calling</marc:subfield>
			<marc:subfield code="0">http://viaf.org/viaf/1961151051771933530008</marc:subfield>
			<marc:subfield code="4">http://rdaregistry.info/Elements/w/P10129</marc:subfield>
		</marc:datafield>
		<marc:datafield tag="700" ind1="1" ind2=" ">
			<marc:subfield code="a">Burke, Tom,</marc:subfield>
			<marc:subfield code="d">1981-,</marc:subfield>
			<marc:subfield code="e">skuesp.</marc:subfield>
			<marc:subfield code="4">act</marc:subfield>
			<marc:subfield code="i">http://rdaregistry.info/Elements/a/P50071</marc:subfield>
			<marc:subfield code="0">https://www.imdb.com/name/nm0121895/?ref_=nv_sr_1?ref_=nv_sr_1</marc:subfield>
		</marc:datafield>
		<marc:datafield tag="700" ind1="1" ind2=" ">
			<marc:subfield code="a">Grainger, Holliday,</marc:subfield>
			<marc:subfield code="d">1988-,</marc:subfield>
			<marc:subfield code="e">skuesp.</marc:subfield>
			<marc:subfield code="4">act</marc:subfield>
			<marc:subfield code="i">http://rdaregistry.info/Elements/a/P50071</marc:subfield>
			<marc:subfield code="0">https://www.imdb.com/name/nm0334441/?ref_=nv_sr_1?ref_=nv_sr_1</marc:subfield>
		</marc:datafield>
		<marc:datafield tag="700" ind1="1" ind2=" ">
			<marc:subfield code="a">Keillor, Michael,</marc:subfield>
			<marc:subfield code="e">reg.</marc:subfield>
			<marc:subfield code="e">reg.</marc:subfield>
			<marc:subfield code="4">drt</marc:subfield>
			<marc:subfield code="i">http://rdaregistry.info/Elements/a/P50048</marc:subfield>
			<marc:subfield code="0">http://www.imdb.com/name/nm2385770/?ref_=nv_sr_1?ref_=nv_sr_1</marc:subfield>
		</marc:datafield>
		<marc:datafield tag="700" ind1="1" ind2=" ">
			<marc:subfield code="a">Richards, Ben</marc:subfield>
			<marc:subfield code="e">reg.</marc:subfield>
			<marc:subfield code="4">drt</marc:subfield>
			<marc:subfield code="i">http://rdaregistry.info/Elements/a/P50048</marc:subfield>
			<marc:subfield code="0">http://www.imdb.com/name/nm1522142/?ref_=ttfc_fc_wr2</marc:subfield>
		</marc:datafield>
		<marc:datafield tag="830" ind1=" " ind2="0">
			<marc:subfield code="a">Strike</marc:subfield>
			<marc:subfield code="v">Part 1</marc:subfield>
			<marc:subfield code="0">http://www.imdb.com/title/tt4276618/?ref_=nv_sr_3?ref_=nv_sr_3</marc:subfield>
		</marc:datafield>
		<marc:datafield tag="900" ind1="1" ind2="0">
			<marc:subfield code="a">Rowling, J. K.,</marc:subfield>
			<marc:subfield code="u">Galbraith, Robert,</marc:subfield>
			<marc:subfield code="d">1965-</marc:subfield>
		</marc:datafield>
	</marc:record>