
	<marc:record>
		<marc:leader>01598cam a22003017i 4500</marc:leader>
		<marc:controlfield tag="001">21966667</marc:controlfield>
		<marc:controlfield tag="003">LIBRIS</marc:controlfield>
		<marc:controlfield tag="008">171123s2017    lv            000 f lav c</marc:controlfield>
		<marc:datafield tag="020" ind1=" " ind2=" ">
			<marc:subfield code="a">978-9934-0-7052-5</marc:subfield>
			<marc:subfield code="q">pocket</marc:subfield>
		</marc:datafield>
		<marc:datafield tag="041" ind1="1" ind2=" ">
			<marc:subfield code="a">lav</marc:subfield>
			<marc:subfield code="h">eng</marc:subfield>
		</marc:datafield>
		<marc:datafield tag="100" ind1="1" ind2=" ">
			<marc:subfield code="a">Galbraith, Robert</marc:subfield>
			<marc:subfield code="d">1965-</marc:subfield>
			<marc:subfield code="e">forf.</marc:subfield>
			<marc:subfield code="4">aut</marc:subfield>
			<marc:subfield code="0">http://viaf.org/viaf/289698481</marc:subfield>
		</marc:datafield>
		<marc:datafield tag="240" ind1="1" ind2="4">
			<marc:subfield code="a">The Cuckoo`s Calling</marc:subfield>
			<marc:subfield code="l">Latvisk</marc:subfield>
			<marc:subfield code="0">http://viaf.org/viaf/1961151051771933530008</marc:subfield>
		</marc:datafield>
		<marc:datafield tag="245" ind1="1" ind2="0">
			<marc:subfield code="a">Dzeguzes sauciens /</marc:subfield>
			<marc:subfield code="c">Roberts Galbraits ; no anglu valodas tulkojusi Silvija Brice.</marc:subfield>
		</marc:datafield>
		<marc:datafield tag="264" ind1=" " ind2="1">
			<marc:subfield code="a">Riga :</marc:subfield>
			<marc:subfield code="b">Zvaigzne ABC,</marc:subfield>
			<marc:subfield code="c">[2017]</marc:subfield>
		</marc:datafield>
		<marc:datafield tag="300" ind1=" " ind2=" ">
			<marc:subfield code="a">510, [1] lpp.</marc:subfield>
		</marc:datafield>
		<marc:datafield tag="336" ind1=" " ind2=" ">
			<marc:subfield code="a">text</marc:subfield>
			<marc:subfield code="b">txt</marc:subfield>
			<marc:subfield code="0">http://rdaregistry.info/termList/RDAContentType/1020</marc:subfield>
			<marc:subfield code="2">rdacontent</marc:subfield>
		</marc:datafield>
		<marc:datafield tag="337" ind1=" " ind2=" ">
			<marc:subfield code="a">unmediated</marc:subfield>
			<marc:subfield code="b">n</marc:subfield>
			<marc:subfield code="0">http://rdaregistry.info/termList/RDAMediaType/1007</marc:subfield>
			<marc:subfield code="2">rdamedia</marc:subfield>
		</marc:datafield>
		<marc:datafield tag="338" ind1=" " ind2=" ">
			<marc:subfield code="a">volume</marc:subfield>
			<marc:subfield code="b">nc</marc:subfield>
			<marc:subfield code="0">http://rdaregistry.info/termList/RDACarrierType/1049</marc:subfield>
			<marc:subfield code="2">rdacarrier</marc:subfield>
		</marc:datafield>
		<marc:datafield tag="380" ind1=" " ind2=" ">
			<marc:subfield code="a">Novel</marc:subfield>
			<marc:subfield code="0">http://id.loc.gov/authorities/genreForms/gf2011026063</marc:subfield>
			<marc:subfield code="2">LCSH</marc:subfield>
		</marc:datafield>
		<marc:datafield tag="490" ind1="1" ind2=" ">
			<marc:subfield code="a">Cormoran Strike serien</marc:subfield>
		</marc:datafield>
		<marc:datafield tag="600" ind1="1" ind2="4">
			<marc:subfield code="a">Strike, Cormoran,</marc:subfield>
			<marc:subfield code="c">fiktiv person</marc:subfield>
			<marc:subfield code="4">dcp</marc:subfield>
			<marc:subfield code="0">http://viaf.org/viaf/81147118265326341782</marc:subfield>
		</marc:datafield>
		<marc:datafield tag="650" ind1="2" ind2="4">
			<marc:subfield code="a">Strike, Cormoran</marc:subfield>
		</marc:datafield>
		<marc:datafield tag="655" ind1=" " ind2="7">
			<marc:subfield code="a">Kriminal</marc:subfield>
			<marc:subfield code="2">BS</marc:subfield>
		</marc:datafield>
		<marc:datafield tag="700" ind1="1" ind2=" ">
			<marc:subfield code="a">Brice, Silvija,</marc:subfield>
			<marc:subfield code="d">1958-</marc:subfield>
			<marc:subfield code="e">overs.</marc:subfield>
			<marc:subfield code="4">trl</marc:subfield>
			<marc:subfield code="i">http://rdaregistry.info/Elements/a/object/P50145</marc:subfield>
			<marc:subfield code="0">http://viaf.org/viaf/47472766</marc:subfield>
		</marc:datafield>
		<marc:datafield tag="700" ind1="1" ind2=" ">
			<marc:subfield code="a">Rowling, J. K.</marc:subfield>
			<marc:subfield code="d">1965-</marc:subfield>
			<marc:subfield code="e">forf. bak pseud.</marc:subfield>
			<marc:subfield code="i">http://rdaregistry.info/Elements/w/creatorAgentOfWork.en4</marc:subfield>
			<marc:subfield code="0">http://viaf.org/viaf/116796842</marc:subfield>
			<marc:subfield code="4">http://rdaregistry.info/Elements/w/datatype/P10065</marc:subfield>
		</marc:datafield>
		<marc:datafield tag="785" ind1="0" ind2="2">
			<marc:subfield code="t">The Silkworm</marc:subfield>
		</marc:datafield>
		<marc:datafield tag="830" ind1=" " ind2="0">
			<marc:subfield code="a">Cormoran Strike serien</marc:subfield>
			<marc:subfield code="l">English</marc:subfield>
			<marc:subfield code="v">1</marc:subfield>
			<marc:subfield code="0">http://viaf.org/viaf/309838716</marc:subfield>
		</marc:datafield>
		<marc:datafield tag="900" ind1="1" ind2="0">
			<marc:subfield code="a">Rowling, J. K.,</marc:subfield>
			<marc:subfield code="u">Galbraith, Robert,</marc:subfield>
			<marc:subfield code="d">1965-</marc:subfield>
		</marc:datafield>
	</marc:record>