
	<marc:record>
		<marc:leader>01768nim a22003257a 4500</marc:leader>
		<marc:controlfield tag="001">14791105</marc:controlfield>
		<marc:controlfield tag="003">LIBRIS</marc:controlfield>
		<marc:controlfield tag="008">131106s2014    sw | ||||||||||f  | swe|c</marc:controlfield>
		<marc:datafield tag="020" ind1=" " ind2=" ">
			<marc:subfield code="a">9789174332384</marc:subfield>
			<marc:subfield code="q">lydbok</marc:subfield>
		</marc:datafield>
		<marc:datafield tag="041" ind1=" " ind2=" ">
			<marc:subfield code="a">swe</marc:subfield>
			<marc:subfield code="h">eng</marc:subfield>
		</marc:datafield>
		<marc:datafield tag="100" ind1="1" ind2=" ">
			<marc:subfield code="a">Galbraith, Robert</marc:subfield>
			<marc:subfield code="d">1965-</marc:subfield>
			<marc:subfield code="e">forf.</marc:subfield>
			<marc:subfield code="4">aut</marc:subfield>
			<marc:subfield code="0">http://viaf.org/viaf/289698481.</marc:subfield>
		</marc:datafield>
		<marc:datafield tag="240" ind1="1" ind2="4">
			<marc:subfield code="a">The Cuckoo`s Calling</marc:subfield>
			<marc:subfield code="0">http://viaf.org/viaf/1961151051771933530008</marc:subfield>
		</marc:datafield>
		<marc:datafield tag="245" ind1="1" ind2="0">
			<marc:subfield code="a">Gökens rop /</marc:subfield>
			<marc:subfield code="c">Robert Galbraith ; Oversatt av Charlotte Hjukström</marc:subfield>
			<marc:subfield code="h">[lydopptak]</marc:subfield>
		</marc:datafield>
		<marc:datafield tag="264" ind1=" " ind2="1">
			<marc:subfield code="a">Stockholm :</marc:subfield>
			<marc:subfield code="b">Bonnier Audio,</marc:subfield>
			<marc:subfield code="c">2014</marc:subfield>
		</marc:datafield>
		<marc:datafield tag="300" ind1=" " ind2=" ">
			<marc:subfield code="a">17 CD (18 tim. 56 min.)</marc:subfield>
		</marc:datafield>
		<marc:datafield tag="336" ind1=" " ind2=" ">
			<marc:subfield code="a">spokenword</marc:subfield>
			<marc:subfield code="b">spw</marc:subfield>
			<marc:subfield code="0">http://rdaregistry.info/termList/RDAContentType/1013</marc:subfield>
			<marc:subfield code="2">rdacontent</marc:subfield>
		</marc:datafield>
		<marc:datafield tag="337" ind1=" " ind2=" ">
			<marc:subfield code="a">audio</marc:subfield>
			<marc:subfield code="b">s</marc:subfield>
			<marc:subfield code="0">http://rdaregistry.info/termList/RDAMediaType/1001</marc:subfield>
			<marc:subfield code="2">rdamedia</marc:subfield>
		</marc:datafield>
		<marc:datafield tag="338" ind1=" " ind2=" ">
			<marc:subfield code="a">audiodisc</marc:subfield>
			<marc:subfield code="b">sd</marc:subfield>
			<marc:subfield code="0">http://rdaregistry.info/termList/RDACarrierType/1004</marc:subfield>
			<marc:subfield code="2">rdacarrier</marc:subfield>
		</marc:datafield>
		<marc:datafield tag="380" ind1=" " ind2=" ">
			<marc:subfield code="a">Audiobook</marc:subfield>
			<marc:subfield code="0">http://id.loc.gov/authorities/genreForms/gf2011026063</marc:subfield>
			<marc:subfield code="2">LCSH</marc:subfield>
		</marc:datafield>
		<marc:datafield tag="490" ind1="1" ind2=" ">
			<marc:subfield code="a">Cormoran Strike serien</marc:subfield>
		</marc:datafield>
		<marc:datafield tag="600" ind1="1" ind2="4">
			<marc:subfield code="a">Strike, Cormoran,</marc:subfield>
			<marc:subfield code="c">fiktiv person</marc:subfield>
			<marc:subfield code="4">dcp</marc:subfield>
			<marc:subfield code="0">http://viaf.org/viaf/81147118265326341782</marc:subfield>
		</marc:datafield>
		<marc:datafield tag="650" ind1="2" ind2="4">
			<marc:subfield code="a">Strike, Cormoran</marc:subfield>
		</marc:datafield>
		<marc:datafield tag="655" ind1=" " ind2="7">
			<marc:subfield code="a">Kriminal</marc:subfield>
			<marc:subfield code="2">BS</marc:subfield>
		</marc:datafield>
		<marc:datafield tag="655" ind1=" " ind2="4">
			<marc:subfield code="a">Lydbøker</marc:subfield>
		</marc:datafield>
		<marc:datafield tag="700" ind1="1" ind2=" ">
			<marc:subfield code="a">Hjukström, Charlotte,</marc:subfield>
			<marc:subfield code="d">1959-2017</marc:subfield>
			<marc:subfield code="e">overs.</marc:subfield>
			<marc:subfield code="4">trl</marc:subfield>
			<marc:subfield code="i">http://rdaregistry.info/Elements/a/object/P50145</marc:subfield>
			<marc:subfield code="0">http://viaf.org/viaf/41817060</marc:subfield>
		</marc:datafield>
		<marc:datafield tag="700" ind1="1" ind2=" ">
			<marc:subfield code="a">Falk, Niklas</marc:subfield>
			<marc:subfield code="e">innl.</marc:subfield>
			<marc:subfield code="4">nrt</marc:subfield>
			<marc:subfield code="i">http://rdaregistry.info/Elements/a/object/P50081</marc:subfield>
			<marc:subfield code="0">http://viaf.org/viaf/249193708</marc:subfield>
		</marc:datafield>
		<marc:datafield tag="700" ind1="1" ind2=" ">
			<marc:subfield code="a">Rowling, J. K.</marc:subfield>
			<marc:subfield code="d">1965-</marc:subfield>
			<marc:subfield code="e">forf. bak pseud.</marc:subfield>
			<marc:subfield code="i">http://rdaregistry.info/Elements/w/creatorAgentOfWork.en4</marc:subfield>
			<marc:subfield code="0">http://viaf.org/viaf/116796842</marc:subfield>
			<marc:subfield code="4">http://rdaregistry.info/Elements/w/datatype/P10065</marc:subfield>
		</marc:datafield>
		<marc:datafield tag="785" ind1="0" ind2="2">
			<marc:subfield code="t">The Silkworm</marc:subfield>
		</marc:datafield>
		<marc:datafield tag="830" ind1=" " ind2="0">
			<marc:subfield code="a">Cormoran Strike serien</marc:subfield>
			<marc:subfield code="l">English</marc:subfield>
			<marc:subfield code="v">1</marc:subfield>
			<marc:subfield code="0">http://viaf.org/viaf/309838716</marc:subfield>
		</marc:datafield>
		<marc:datafield tag="900" ind1="1" ind2="0">
			<marc:subfield code="a">Rowling, J. K.,</marc:subfield>
			<marc:subfield code="u">Galbraith, Robert,</marc:subfield>
			<marc:subfield code="d">1965-</marc:subfield>
		</marc:datafield>
	</marc:record>