
	<marc:record>
		<marc:leader>01993nim a22003617a 4500</marc:leader>
		<marc:controlfield tag="001">x6mx9q4cvxqpbjkp</marc:controlfield>
		<marc:controlfield tag="003">LIBRIS</marc:controlfield>
		<marc:controlfield tag="008">190117s2019    sw ||  eq  m |      eng|c</marc:controlfield>
		<marc:datafield tag="020" ind1=" " ind2=" ">
			<marc:subfield code="a">ISBN 978-0-7515-7286-5</marc:subfield>
			<marc:subfield code="q">mp3</marc:subfield>
		</marc:datafield>
		<marc:datafield tag="041" ind1=" " ind2=" ">
			<marc:subfield code="a">eng</marc:subfield>
		</marc:datafield>
		<marc:datafield tag="100" ind1="1" ind2=" ">
			<marc:subfield code="a">Galbraith, Robert</marc:subfield>
			<marc:subfield code="d">1965-</marc:subfield>
			<marc:subfield code="e">forf.</marc:subfield>
			<marc:subfield code="4">aut</marc:subfield>
			<marc:subfield code="0">http://viaf.org/viaf/289698481</marc:subfield>
		</marc:datafield>
		<marc:datafield tag="240" ind1="1" ind2="0">
			<marc:subfield code="a">Lethal White</marc:subfield>
			<marc:subfield code="0">http://viaf.org/viaf/766155226740084490004</marc:subfield>
		</marc:datafield>
		<marc:datafield tag="245" ind1="1" ind2="0">
			<marc:subfield code="a">Lethal white /</marc:subfield>
			<marc:subfield code="c">Robert Galbraith</marc:subfield>
			<marc:subfield code="h">[lydopptak]</marc:subfield>
		</marc:datafield>
		<marc:datafield tag="264" ind1=" " ind2="1">
			<marc:subfield code="a">Johanneshov :</marc:subfield>
			<marc:subfield code="b">MTM,</marc:subfield>
			<marc:subfield code="c">2019</marc:subfield>
		</marc:datafield>
		<marc:datafield tag="300" ind1=" " ind2=" ">
			<marc:subfield code="a">1 CD-R (mp3) (26 tim., 44 min)</marc:subfield>
		</marc:datafield>
		<marc:datafield tag="336" ind1=" " ind2=" ">
			<marc:subfield code="a">spokenword</marc:subfield>
			<marc:subfield code="b">spw</marc:subfield>
			<marc:subfield code="0">http://rdaregistry.info/termList/RDAContentType/1013</marc:subfield>
			<marc:subfield code="2">rdacontent</marc:subfield>
		</marc:datafield>
		<marc:datafield tag="337" ind1=" " ind2=" ">
			<marc:subfield code="a">audio</marc:subfield>
			<marc:subfield code="b">s</marc:subfield>
			<marc:subfield code="0">http://rdaregistry.info/termList/RDAMediaType/1001</marc:subfield>
			<marc:subfield code="2">rdamedia</marc:subfield>
		</marc:datafield>
		<marc:datafield tag="338" ind1=" " ind2=" ">
			<marc:subfield code="a">computerdisc</marc:subfield>
			<marc:subfield code="b">sd</marc:subfield>
			<marc:subfield code="0">http://rdaregistry.info/termList/RDACarrierType/1013</marc:subfield>
			<marc:subfield code="2">rdacarrier</marc:subfield>
		</marc:datafield>
		<marc:datafield tag="380" ind1=" " ind2=" ">
			<marc:subfield code="a">Audiobook</marc:subfield>
			<marc:subfield code="0">http://id.loc.gov/authorities/genreForms/gf2011026063</marc:subfield>
			<marc:subfield code="2">LCSH</marc:subfield>
		</marc:datafield>
		<marc:datafield tag="347" ind1=" " ind2=" ">
			<marc:subfield code="a">Text och ljud</marc:subfield>
		</marc:datafield>
		<marc:datafield tag="490" ind1="1" ind2=" ">
			<marc:subfield code="a">Cormoran Strike serien</marc:subfield>
		</marc:datafield>
		<marc:datafield tag="500" ind1=" " ind2=" ">
			<marc:subfield code="a">Digital talbok (DAISY 2.02), text och ljud</marc:subfield>
		</marc:datafield>
		<marc:datafield tag="500" ind1=" " ind2=" ">
			<marc:subfield code="a">Innlest: London : Sphere, 2018. ISBN 978-0-7515-7286-5</marc:subfield>
		</marc:datafield>
		<marc:datafield tag="500" ind1=" " ind2=" ">
			<marc:subfield code="a">Speltid: 26 tim., 44 min.; 650 s</marc:subfield>
		</marc:datafield>
		<marc:datafield tag="600" ind1="1" ind2="4">
			<marc:subfield code="a">Strike, Cormoran,</marc:subfield>
			<marc:subfield code="c">fiktiv person</marc:subfield>
			<marc:subfield code="4">dcp</marc:subfield>
			<marc:subfield code="0">http://viaf.org/viaf/81147118265326341782</marc:subfield>
		</marc:datafield>
		<marc:datafield tag="650" ind1="2" ind2="4">
			<marc:subfield code="a">Strike, Cormoran</marc:subfield>
		</marc:datafield>
		<marc:datafield tag="655" ind1=" " ind2="7">
			<marc:subfield code="a">Kriminal</marc:subfield>
			<marc:subfield code="2">BS</marc:subfield>
		</marc:datafield>
		<marc:datafield tag="655" ind1=" " ind2="4">
			<marc:subfield code="a">Lydbøker</marc:subfield>
		</marc:datafield>
		<marc:datafield tag="700" ind1="1" ind2=" ">
			<marc:subfield code="a">Sculati, Lisa</marc:subfield>
			<marc:subfield code="e">innl.</marc:subfield>
			<marc:subfield code="4">nrt</marc:subfield>
			<marc:subfield code="i">http://rdaregistry.info/Elements/a/object/P50081</marc:subfield>
			<marc:subfield code="0">http://se.linkedin.com/in/lisasculati</marc:subfield>
		</marc:datafield>
		<marc:datafield tag="700" ind1="1" ind2=" ">
			<marc:subfield code="a">Rowling, J. K.</marc:subfield>
			<marc:subfield code="d">1965-</marc:subfield>
			<marc:subfield code="e">forf. bak pseud.</marc:subfield>
			<marc:subfield code="i">http://rdaregistry.info/Elements/w/creatorAgentOfWork.en4</marc:subfield>
			<marc:subfield code="0">http://viaf.org/viaf/116796842</marc:subfield>
			<marc:subfield code="4">http://rdaregistry.info/Elements/w/datatype/P10065</marc:subfield>
		</marc:datafield>
		<marc:datafield tag="700" ind1="1" ind2="2">
			<marc:subfield code="a">Galbraith, Robert</marc:subfield>
			<marc:subfield code="d">1965-</marc:subfield>
			<marc:subfield code="i">http://rdaregistry.info/Elements/w/datatype/precededByWork.en</marc:subfield>
			<marc:subfield code="4">http://rdaregistry.info/Elements/w/datatype/P10156</marc:subfield>
			<marc:subfield code="t">Career of Evil</marc:subfield>
			<marc:subfield code="0">http://viaf.org/viaf/7904151051964533530007</marc:subfield>
		</marc:datafield>
		<marc:datafield tag="830" ind1=" " ind2="0">
			<marc:subfield code="a">Cormoran Strike serien</marc:subfield>
			<marc:subfield code="l">English</marc:subfield>
			<marc:subfield code="v">4</marc:subfield>
			<marc:subfield code="0">http://viaf.org/viaf/309838716</marc:subfield>
		</marc:datafield>
		<marc:datafield tag="900" ind1="1" ind2="0">
			<marc:subfield code="a">Rowling, J. K.,</marc:subfield>
			<marc:subfield code="u">Galbraith, Robert,</marc:subfield>
			<marc:subfield code="d">1965-</marc:subfield>
		</marc:datafield>
	</marc:record>