
	<marc:record>
		<marc:leader>01046cam a2200217 a 4500</marc:leader>
		<marc:controlfield tag="001">2961198</marc:controlfield>
		<marc:controlfield tag="008">910808s1992    nyu           000 1 eng  </marc:controlfield>
		<marc:datafield tag="010" ind1=" " ind2=" ">
			<marc:subfield code="a">   91032457 </marc:subfield>
		</marc:datafield>
		<marc:datafield tag="020" ind1=" " ind2=" ">
			<marc:subfield code="a">0684193957 </marc:subfield>
		</marc:datafield>
		<marc:datafield tag="100" ind1="1" ind2=" ">
			<marc:subfield code="a">Cornwell, Patricia,</marc:subfield>
			<marc:subfield code="d">1956-,</marc:subfield>
			<marc:subfield code="q">Patricia Daniels</marc:subfield>
			<marc:subfield code="0">http://viaf.org/viaf/36976332</marc:subfield>
			<marc:subfield code="4">aut</marc:subfield>
		</marc:datafield>
		<marc:datafield tag="240" ind1="1" ind2="0">
			<marc:subfield code="a">All that remains</marc:subfield>
			<marc:subfield code="l">engelsk</marc:subfield>
			<marc:subfield code="0">http://viaf.org/viaf/1038154501937639210004</marc:subfield>
		</marc:datafield>
		<marc:datafield tag="245" ind1="1" ind2="0">
			<marc:subfield code="a">All that remains /</marc:subfield>
			<marc:subfield code="c">Patricia Cornwell.</marc:subfield>
		</marc:datafield>
		<marc:datafield tag="260" ind1=" " ind2=" ">
			<marc:subfield code="a">New York :</marc:subfield>
			<marc:subfield code="b">Scribner ;</marc:subfield>
			<marc:subfield code="a">Toronto :</marc:subfield>
			<marc:subfield code="b">Maxwell Macmillan Canada ;</marc:subfield>
			<marc:subfield code="a">New York :</marc:subfield>
			<marc:subfield code="b">Maxwell Macmillan International,</marc:subfield>
			<marc:subfield code="c">c1992.</marc:subfield>
		</marc:datafield>
		<marc:datafield tag="300" ind1=" " ind2=" ">
			<marc:subfield code="a">373 s. ;</marc:subfield>
			<marc:subfield code="c">24 cm.</marc:subfield>
		</marc:datafield>
		<marc:datafield tag="336" ind1=" " ind2=" ">
			<marc:subfield code="a">text</marc:subfield>
			<marc:subfield code="b">txt</marc:subfield>
			<marc:subfield code="0">http://rdaregistry.info/termList/RDAContentType/1020</marc:subfield>
			<marc:subfield code="2">rdacontent</marc:subfield>
		</marc:datafield>
		<marc:datafield tag="337" ind1=" " ind2=" ">
			<marc:subfield code="a">unmediated</marc:subfield>
			<marc:subfield code="0">http://rdaregistry.info/termList/RDAMediaType/1007</marc:subfield>
			<marc:subfield code="2">rdamedia</marc:subfield>
		</marc:datafield>
		<marc:datafield tag="338" ind1=" " ind2=" ">
			<marc:subfield code="a">volume</marc:subfield>
			<marc:subfield code="b">nc</marc:subfield>
			<marc:subfield code="0">http://rdaregistry.info/termList/RDACarrierType/1049</marc:subfield>
			<marc:subfield code="2">rdacarrier</marc:subfield>
		</marc:datafield>
		<marc:datafield tag="380" ind1=" " ind2=" ">
			<marc:subfield code="a">Novel</marc:subfield>
			<marc:subfield code="0">http://id.loc.gov/vocabulary/marcgt/nov</marc:subfield>
			<marc:subfield code="2">LCSH</marc:subfield>
		</marc:datafield>
		<marc:datafield tag="490" ind1="0" ind2=" ">
			<marc:subfield code="a">Kay Scarpetta serien</marc:subfield>
		</marc:datafield>
		<marc:datafield tag="600" ind1="1" ind2="0">
			<marc:subfield code="a">Scarpetta, Kay,</marc:subfield>
			<marc:subfield code="c">fiktiv person,</marc:subfield>
			<marc:subfield code="0">http://viaf.org/viaf/315992248</marc:subfield>
		</marc:datafield>
		<marc:datafield tag="655" ind1=" " ind2="4">
			<marc:subfield code="a">Kriminal</marc:subfield>
		</marc:datafield>
	</marc:record>