
	<marc:record>
		<marc:leader>00967nam a22002418i 4500</marc:leader>
		<marc:controlfield tag="001">018287458</marc:controlfield>
		<marc:controlfield tag="003">Uk</marc:controlfield>
		<marc:controlfield tag="008">170201s2017    enk           000|f|eng|d</marc:controlfield>
		<marc:datafield tag="020" ind1=" " ind2=" ">
			<marc:subfield code="a">9781782398806</marc:subfield>
		</marc:datafield>
		<marc:datafield tag="041" ind1="1" ind2=" ">
			<marc:subfield code="a">eng</marc:subfield>
			<marc:subfield code="h">nor</marc:subfield>
		</marc:datafield>
		<marc:datafield tag="100" ind1="1" ind2=" ">
			<marc:subfield code="a">Holt, Anne,</marc:subfield>
			<marc:subfield code="d">1958-,</marc:subfield>
			<marc:subfield code="0">http://viaf.org/viaf/59128005</marc:subfield>
			<marc:subfield code="4">aut</marc:subfield>
		</marc:datafield>
		<marc:datafield tag="240" ind1="1" ind2="0">
			<marc:subfield code="a">Offline</marc:subfield>
			<marc:subfield code="l">engelsk</marc:subfield>
			<marc:subfield code="0">http://viaf.org/viaf/1763147484232049360003</marc:subfield>
		</marc:datafield>
		<marc:datafield tag="245" ind1="1" ind2="0">
			<marc:subfield code="a">Offline /</marc:subfield>
			<marc:subfield code="c">Anne Holt.</marc:subfield>
		</marc:datafield>
		<marc:datafield tag="264" ind1=" " ind2="1">
			<marc:subfield code="a">London :</marc:subfield>
			<marc:subfield code="b">Corvus,</marc:subfield>
			<marc:subfield code="c">2017.</marc:subfield>
		</marc:datafield>
		<marc:datafield tag="300" ind1=" " ind2=" ">
			<marc:subfield code="a">415 pages ;</marc:subfield>
			<marc:subfield code="c">20 cm.</marc:subfield>
		</marc:datafield>
		<marc:datafield tag="336" ind1=" " ind2=" ">
			<marc:subfield code="a">text</marc:subfield>
			<marc:subfield code="b">txt</marc:subfield>
			<marc:subfield code="0">http://rdaregistry.info/termList/RDAContentType/1020</marc:subfield>
			<marc:subfield code="2">rdacontent</marc:subfield>
		</marc:datafield>
		<marc:datafield tag="337" ind1=" " ind2=" ">
			<marc:subfield code="a">unmediated</marc:subfield>
			<marc:subfield code="0">http://rdaregistry.info/termList/RDAMediaType/1007</marc:subfield>
			<marc:subfield code="2">rdamedia</marc:subfield>
		</marc:datafield>
		<marc:datafield tag="338" ind1=" " ind2=" ">
			<marc:subfield code="a">volume</marc:subfield>
			<marc:subfield code="b">nc</marc:subfield>
			<marc:subfield code="0">http://rdaregistry.info/termList/RDACarrierType/1049</marc:subfield>
			<marc:subfield code="2">rdacarrier</marc:subfield>
		</marc:datafield>
		<marc:datafield tag="380" ind1=" " ind2=" ">
			<marc:subfield code="a">Novel</marc:subfield>
			<marc:subfield code="0">http://id.loc.gov/vocabulary/marcgt/nov</marc:subfield>
			<marc:subfield code="2">LCSH</marc:subfield>
		</marc:datafield>
		<marc:datafield tag="490" ind1="0" ind2=" ">
			<marc:subfield code="a">Hanne Wilhelmsen serien</marc:subfield>
		</marc:datafield>
		<marc:datafield tag="534" ind1=" " ind2=" ">
			<marc:subfield code="a">Orginaltittel: Offline.</marc:subfield>
		</marc:datafield>
		<marc:datafield tag="600" ind1="1" ind2="4">
			<marc:subfield code="a">Wilhelmsen, Hanne,</marc:subfield>
			<marc:subfield code="c">fiktiv person,</marc:subfield>
			<marc:subfield code="0">http://viaf.org/viaf/305024550</marc:subfield>
		</marc:datafield>
		<marc:datafield tag="655" ind1=" " ind2="4">
			<marc:subfield code="a">Kriminal</marc:subfield>
		</marc:datafield>
	</marc:record>