
	<marc:record>
		<marc:leader>01020aam a22002411a 4500</marc:leader>
		<marc:controlfield tag="001">018176267</marc:controlfield>
		<marc:controlfield tag="003">Uk</marc:controlfield>
		<marc:controlfield tag="006">m    ||  d |      </marc:controlfield>
		<marc:controlfield tag="008">121211s2011    enk     o     000 1 eng  </marc:controlfield>
		<marc:datafield tag="020" ind1=" " ind2=" ">
			<marc:subfield code="a">9780857894649</marc:subfield>
		</marc:datafield>
		<marc:datafield tag="100" ind1="1" ind2=" ">
			<marc:subfield code="a">Holt, Anne,</marc:subfield>
			<marc:subfield code="d">1958-,</marc:subfield>
			<marc:subfield code="0">http://viaf.org/viaf/59128005</marc:subfield>
			<marc:subfield code="4">aut</marc:subfield>
		</marc:datafield>
		<marc:datafield tag="240" ind1="1" ind2="0">
			<marc:subfield code="a">Det som er mitt</marc:subfield>
			<marc:subfield code="l">engelsk</marc:subfield>
			<marc:subfield code="0">http://viaf.org/viaf/310490480</marc:subfield>
		</marc:datafield>
		<marc:datafield tag="245" ind1="1" ind2="0">
			<marc:subfield code="a">Punishment /</marc:subfield>
			<marc:subfield code="c">Anne Holt.</marc:subfield>
		</marc:datafield>
		<marc:datafield tag="260" ind1=" " ind2=" ">
			<marc:subfield code="a">London :</marc:subfield>
			<marc:subfield code="b">Atlantic Books.,</marc:subfield>
			<marc:subfield code="c">2011.</marc:subfield>
		</marc:datafield>
		<marc:datafield tag="300" ind1=" " ind2=" ">
			<marc:subfield code="a">1 online resource.</marc:subfield>
		</marc:datafield>
		<marc:datafield tag="336" ind1=" " ind2=" ">
			<marc:subfield code="a">text</marc:subfield>
			<marc:subfield code="b">txt</marc:subfield>
			<marc:subfield code="0">http://rdaregistry.info/termList/RDAContentType/1020</marc:subfield>
			<marc:subfield code="2">rdacontent</marc:subfield>
		</marc:datafield>
		<marc:datafield tag="337" ind1=" " ind2=" ">
			<marc:subfield code="a">computer</marc:subfield>
			<marc:subfield code="0">http://rdaregistry.info/termList/RDAMediaType/1003</marc:subfield>
			<marc:subfield code="2">rdacontent</marc:subfield>
		</marc:datafield>
		<marc:datafield tag="338" ind1=" " ind2=" ">
			<marc:subfield code="a">online resource</marc:subfield>
			<marc:subfield code="b">cr</marc:subfield>
			<marc:subfield code="2">http://rdaregistry.info/termList/RDACarrierType/1018</marc:subfield>
		</marc:datafield>
		<marc:datafield tag="380" ind1=" " ind2=" ">
			<marc:subfield code="a">Novel</marc:subfield>
			<marc:subfield code="0">http://id.loc.gov/vocabulary/marcgt/nov</marc:subfield>
			<marc:subfield code="2">LCSH</marc:subfield>
		</marc:datafield>
		<marc:datafield tag="600" ind1="1" ind2="4">
			<marc:subfield code="a">Vik, Inger Johanne,</marc:subfield>
			<marc:subfield code="c">fiktiv person,</marc:subfield>
			<marc:subfield code="0">https://www.wikidata.org/wiki/Q63092633</marc:subfield>
		</marc:datafield>
		<marc:datafield tag="600" ind1="1" ind2="4">
			<marc:subfield code="a">Stubø, Yngvar,</marc:subfield>
			<marc:subfield code="c">fiktiv person,</marc:subfield>
			<marc:subfield code="0">https://www.wikidata.org/wiki/Q63092659</marc:subfield>
		</marc:datafield>
		<marc:datafield tag="655" ind1=" " ind2="4">
			<marc:subfield code="a">Kriminal</marc:subfield>
		</marc:datafield>
		<marc:datafield tag="655" ind1=" " ind2="4">
			<marc:subfield code="a">E-bøker</marc:subfield>
		</marc:datafield>
	</marc:record>