
	<marc:record>
		<marc:leader>01070 am a22002418x 4500</marc:leader>
		<marc:controlfield tag="001">9912151223804341</marc:controlfield>
		<marc:controlfield tag="008">850304r19841983enk     w     00110beng  </marc:controlfield>
		<marc:datafield tag="020" ind1=" " ind2=" ">
			<marc:subfield code="a">0281041423</marc:subfield>
		</marc:datafield>
		<marc:datafield tag="041" ind1=" " ind2=" ">
			<marc:subfield code="a">eng</marc:subfield>
		</marc:datafield>
		<marc:datafield tag="050" ind1="0" ind2="0">
			<marc:subfield code="a">BV3785.G69</marc:subfield>
		</marc:datafield>
		<marc:datafield tag="082" ind1="0" ind2="0">
			<marc:subfield code="a">269/.2/0924</marc:subfield>
			<marc:subfield code="2">19</marc:subfield>
		</marc:datafield>
		<marc:datafield tag="100" ind1="1" ind2="0">
			<marc:subfield code="a">Cornwell, Patricia Daniels.</marc:subfield>
			<marc:subfield code="d">1956-.</marc:subfield>
			<marc:subfield code="0">http://viaf.org/viaf/36976332</marc:subfield>
			<marc:subfield code="4">aut</marc:subfield>
		</marc:datafield>
		<marc:datafield tag="245" ind1="1" ind2="2">
			<marc:subfield code="a">A time for remembering</marc:subfield>
			<marc:subfield code="b">the story of Ruth Graham</marc:subfield>
			<marc:subfield code="c">by Patricia Cornwell</marc:subfield>
		</marc:datafield>
		<marc:datafield tag="260" ind1=" " ind2=" ">
			<marc:subfield code="a">London</marc:subfield>
			<marc:subfield code="b">Triangle</marc:subfield>
			<marc:subfield code="c">1984, c1982</marc:subfield>
		</marc:datafield>
		<marc:datafield tag="300" ind1=" " ind2=" ">
			<marc:subfield code="a">274 s. ;</marc:subfield>
			<marc:subfield code="c">18 cm</marc:subfield>
		</marc:datafield>
		<marc:datafield tag="336" ind1=" " ind2=" ">
			<marc:subfield code="a">text</marc:subfield>
			<marc:subfield code="b">txt</marc:subfield>
			<marc:subfield code="2">rdacontent</marc:subfield>
			<marc:subfield code="0">http://rdaregistry.info/termList/RDAContentType/1020</marc:subfield>
		</marc:datafield>
		<marc:datafield tag="337" ind1=" " ind2=" ">
			<marc:subfield code="a">unmediated</marc:subfield>
			<marc:subfield code="b">n</marc:subfield>
			<marc:subfield code="2">rdamedia</marc:subfield>
			<marc:subfield code="0">http://rdaregistry.info/termList/RDAMediaType/1007</marc:subfield>
		</marc:datafield>
		<marc:datafield tag="338" ind1=" " ind2=" ">
			<marc:subfield code="a">volume</marc:subfield>
			<marc:subfield code="b">nc</marc:subfield>
			<marc:subfield code="2">rdacarrier</marc:subfield>
			<marc:subfield code="0">http://rdaregistry.info/termList/RDACarrierType/1049</marc:subfield>
		</marc:datafield>
		<marc:datafield tag="380" ind1=" " ind2=" ">
			<marc:subfield code="a">Novel</marc:subfield>
			<marc:subfield code="0">http://id.loc.gov/vocabulary/marcgt/nov</marc:subfield>
			<marc:subfield code="2">LCSH</marc:subfield>
		</marc:datafield>
		<marc:datafield tag="500" ind1=" " ind2=" ">
			<marc:subfield code="a">Originally published: San Francisco : Harper &amp; Row, 1983</marc:subfield>
		</marc:datafield>
		<marc:datafield tag="504" ind1="0" ind2="0">
			<marc:subfield code="a">Inkluderer indeks</marc:subfield>
		</marc:datafield>
		<marc:datafield tag="600" ind1="1" ind2="4">
			<marc:subfield code="a">Graham, Billy,</marc:subfield>
			<marc:subfield code="d">1918-2018</marc:subfield>
			<marc:subfield code="0">http://viaf.org/viaf/99838169</marc:subfield>
		</marc:datafield>
		<marc:datafield tag="600" ind1="1" ind2="4">
			<marc:subfield code="a">Graham, Ruth Bell.</marc:subfield>
			<marc:subfield code="d">1920-2007</marc:subfield>
			<marc:subfield code="0">http://viaf.org/viaf/18042646</marc:subfield>
		</marc:datafield>
	</marc:record>