
	<marc:record>
		<marc:leader>00998cam a22002534  450 </marc:leader>
		<marc:controlfield tag="001">156063</marc:controlfield>
		<marc:controlfield tag="008">000000s1987    uik           00| u eng d</marc:controlfield>
		<marc:datafield tag="020" ind1=" " ind2=" ">
			<marc:subfield code="a">0091658705</marc:subfield>
		</marc:datafield>
		<marc:datafield tag="084" ind1=" " ind2=" ">
			<marc:subfield code="a">823.914</marc:subfield>
			<marc:subfield code="2">z</marc:subfield>
		</marc:datafield>
		<marc:datafield tag="084" ind1=" " ind2=" ">
			<marc:subfield code="a">83:06</marc:subfield>
			<marc:subfield code="2">z</marc:subfield>
		</marc:datafield>
		<marc:datafield tag="084" ind1=" " ind2=" ">
			<marc:subfield code="a">83</marc:subfield>
			<marc:subfield code="2">z</marc:subfield>
		</marc:datafield>
		<marc:datafield tag="100" ind1="1" ind2=" ">
			<marc:subfield code="a">Rendell, Ruth,</marc:subfield>
			<marc:subfield code="d">1930-2015,</marc:subfield>
			<marc:subfield code="0">http://viaf.org/viaf/120719476,</marc:subfield>
			<marc:subfield code="4">aut</marc:subfield>
		</marc:datafield>
		<marc:datafield tag="240" ind1="1" ind2="2">
			<marc:subfield code="a">A new lease of death</marc:subfield>
			<marc:subfield code="l">Engelsk</marc:subfield>
			<marc:subfield code="0">http://viaf.org/viaf/175755277</marc:subfield>
		</marc:datafield>
		<marc:datafield tag="245" ind1="1" ind2="2">
			<marc:subfield code="a">A new lease of death /</marc:subfield>
			<marc:subfield code="c">Ruth Rendell.</marc:subfield>
		</marc:datafield>
		<marc:datafield tag="250" ind1=" " ind2=" ">
			<marc:subfield code="a">Reissued.</marc:subfield>
		</marc:datafield>
		<marc:datafield tag="260" ind1=" " ind2=" ">
			<marc:subfield code="a">London :</marc:subfield>
			<marc:subfield code="b">Hutchinson,</marc:subfield>
			<marc:subfield code="c">1987.</marc:subfield>
		</marc:datafield>
		<marc:datafield tag="300" ind1=" " ind2=" ">
			<marc:subfield code="a">192 s.</marc:subfield>
		</marc:datafield>
		<marc:datafield tag="336" ind1=" " ind2=" ">
			<marc:subfield code="a">text</marc:subfield>
			<marc:subfield code="b">txt</marc:subfield>
			<marc:subfield code="2">rdacontent</marc:subfield>
			<marc:subfield code="0">http://rdaregistry.info/termList/RDAContentType/1020</marc:subfield>
		</marc:datafield>
		<marc:datafield tag="337" ind1=" " ind2=" ">
			<marc:subfield code="a">unmediated</marc:subfield>
			<marc:subfield code="b">n</marc:subfield>
			<marc:subfield code="2">rdamedia</marc:subfield>
			<marc:subfield code="0">http://rdaregistry.info/termList/RDAMediaType/1007</marc:subfield>
		</marc:datafield>
		<marc:datafield tag="338" ind1=" " ind2=" ">
			<marc:subfield code="a">volume</marc:subfield>
			<marc:subfield code="b">nc</marc:subfield>
			<marc:subfield code="2">rdacarrier</marc:subfield>
			<marc:subfield code="0">http://rdaregistry.info/termList/RDACarrierType/1049</marc:subfield>
		</marc:datafield>
		<marc:datafield tag="380" ind1=" " ind2=" ">
			<marc:subfield code="a">Novel</marc:subfield>
			<marc:subfield code="0">http://id.loc.gov/vocabulary/marcgt/nov</marc:subfield>
			<marc:subfield code="2">LCSH</marc:subfield>
		</marc:datafield>
		<marc:datafield tag="490" ind1="0" ind2=" ">
			<marc:subfield code="a">Wexford serien</marc:subfield>
		</marc:datafield>
		<marc:datafield tag="600" ind1="1" ind2="4">
			<marc:subfield code="a">Wexford, Reginald,</marc:subfield>
			<marc:subfield code="c">fiktiv person</marc:subfield>
			<marc:subfield code="0">https://www.wikidata.org/wiki/Q2040972</marc:subfield>
		</marc:datafield>
		<marc:datafield tag="655" ind1=" " ind2="4">
			<marc:subfield code="a">Kriminal</marc:subfield>
		</marc:datafield>
	</marc:record>