
	<marc:record>
		<marc:leader>00960pam a2200205 a 4500</marc:leader>
		<marc:controlfield tag="001">1951340</marc:controlfield>
		<marc:controlfield tag="008">871209r1987    nyu           000 1 eng  </marc:controlfield>
		<marc:datafield tag="020" ind1=" " ind2=" ">
			<marc:subfield code="a">0394569423</marc:subfield>
		</marc:datafield>
		<marc:datafield tag="100" ind1="1" ind2=" ">
			<marc:subfield code="a">Rendell, Ruth,</marc:subfield>
			<marc:subfield code="d">1930-2015,</marc:subfield>
			<marc:subfield code="0">http://viaf.org/viaf/120719476,</marc:subfield>
			<marc:subfield code="4">aut</marc:subfield>
		</marc:datafield>
		<marc:datafield tag="240" ind1="1" ind2="0">
			<marc:subfield code="a">Short short stories.</marc:subfield>
			<marc:subfield code="l">Engelsk</marc:subfield>
			<marc:subfield code="0">http://viaf.org/viaf/179898673</marc:subfield>
		</marc:datafield>
		<marc:datafield tag="245" ind1="1" ind2="0">
			<marc:subfield code="a">Collected short stories /</marc:subfield>
			<marc:subfield code="c">Ruth Rendell.</marc:subfield>
		</marc:datafield>
		<marc:datafield tag="260" ind1=" " ind2=" ">
			<marc:subfield code="a">New York :</marc:subfield>
			<marc:subfield code="b">Pantheon Books,</marc:subfield>
			<marc:subfield code="c">c1987.</marc:subfield>
		</marc:datafield>
		<marc:datafield tag="300" ind1=" " ind2=" ">
			<marc:subfield code="a">536 s. ;</marc:subfield>
			<marc:subfield code="c">24 cm.</marc:subfield>
		</marc:datafield>
		<marc:datafield tag="336" ind1=" " ind2=" ">
			<marc:subfield code="a">text</marc:subfield>
			<marc:subfield code="b">txt</marc:subfield>
			<marc:subfield code="0">http://rdaregistry.info/termList/RDAContentType/1020</marc:subfield>
			<marc:subfield code="2">rdacontent</marc:subfield>
		</marc:datafield>
		<marc:datafield tag="337" ind1=" " ind2=" ">
			<marc:subfield code="a">unmediated</marc:subfield>
			<marc:subfield code="b">txt</marc:subfield>
			<marc:subfield code="0">http://rdaregistry.info/termList/RDAMediaType/1007</marc:subfield>
			<marc:subfield code="2">rdamedia</marc:subfield>
		</marc:datafield>
		<marc:datafield tag="338" ind1=" " ind2=" ">
			<marc:subfield code="a">volume</marc:subfield>
			<marc:subfield code="b">nc</marc:subfield>
			<marc:subfield code="0">http://rdaregistry.info/termList/RDACarrierType/1049</marc:subfield>
			<marc:subfield code="2">rdacarrier</marc:subfield>
		</marc:datafield>
		<marc:datafield tag="380" ind1=" " ind2=" ">
			<marc:subfield code="a">Short story</marc:subfield>
			<marc:subfield code="0">http://id.loc.gov/vocabulary/marcgt/sho</marc:subfield>
			<marc:subfield code="2">LCSH</marc:subfield>
		</marc:datafield>
		<marc:datafield tag="500" ind1=" " ind2=" ">
			<marc:subfield code="a">Collected stories from the author's early career.</marc:subfield>
		</marc:datafield>
		<marc:datafield tag="505" ind1="0" ind2=" ">
			<marc:subfield code="a">The fallen curtain, Means of evil, The fever tree, The new girl friend.</marc:subfield>
		</marc:datafield>
		<marc:datafield tag="655" ind1=" " ind2="4">
			<marc:subfield code="a">Kriminal</marc:subfield>
		</marc:datafield>
	</marc:record>