
	<marc:record>
		<marc:leader>01644cam a22002897i 4500</marc:leader>
		<marc:controlfield tag="001">21624154</marc:controlfield>
		<marc:controlfield tag="003">LIBRIS</marc:controlfield>
		<marc:controlfield tag="008">171002s2017    xxk||||      |00| 1|eng d</marc:controlfield>
		<marc:datafield tag="020" ind1=" " ind2=" ">
			<marc:subfield code="a">978-1-78816-014-8</marc:subfield>
			<marc:subfield code="q">innbundet</marc:subfield>
		</marc:datafield>
		<marc:datafield tag="082" ind1="0" ind2="4">
			<marc:subfield code="a">823</marc:subfield>
			<marc:subfield code="2">22 (machine generated)</marc:subfield>
		</marc:datafield>
		<marc:datafield tag="084" ind1=" " ind2=" ">
			<marc:subfield code="a">He.016</marc:subfield>
			<marc:subfield code="2">kssb/8</marc:subfield>
		</marc:datafield>
		<marc:datafield tag="100" ind1="1" ind2=" ">
			<marc:subfield code="a">Rendell, Ruth,</marc:subfield>
			<marc:subfield code="d">1930-2015,</marc:subfield>
			<marc:subfield code="0">http://viaf.org/viaf/120719476,</marc:subfield>
			<marc:subfield code="4">aut</marc:subfield>
		</marc:datafield>
		<marc:datafield tag="240" ind1="1" ind2="2">
			<marc:subfield code="a">A spot of folly.</marc:subfield>
			<marc:subfield code="l">Engelsk</marc:subfield>
			<marc:subfield code="0">https://www.wikidata.org/entity/Q63348357</marc:subfield>
		</marc:datafield>
		<marc:datafield tag="245" ind1="1" ind2="2">
			<marc:subfield code="a">A spot of folly</marc:subfield>
			<marc:subfield code="b">ten and a quarter new tales of murder and mayhem  /</marc:subfield>
			<marc:subfield code="c">Ruth Rendell.</marc:subfield>
		</marc:datafield>
		<marc:datafield tag="260" ind1=" " ind2=" ">
			<marc:subfield code="a">London :</marc:subfield>
			<marc:subfield code="b">Profile Books Ltd,</marc:subfield>
			<marc:subfield code="c">2017</marc:subfield>
		</marc:datafield>
		<marc:datafield tag="300" ind1=" " ind2=" ">
			<marc:subfield code="a">212 s.</marc:subfield>
		</marc:datafield>
		<marc:datafield tag="336" ind1=" " ind2=" ">
			<marc:subfield code="a">text</marc:subfield>
			<marc:subfield code="b">txt</marc:subfield>
			<marc:subfield code="0">http://rdaregistry.info/termList/RDAContentType/1020</marc:subfield>
			<marc:subfield code="2">rdacontent</marc:subfield>
		</marc:datafield>
		<marc:datafield tag="337" ind1=" " ind2=" ">
			<marc:subfield code="a">unmediated</marc:subfield>
			<marc:subfield code="b">txt</marc:subfield>
			<marc:subfield code="0">http://rdaregistry.info/termList/RDAMediaType/1007</marc:subfield>
			<marc:subfield code="2">rdamedia</marc:subfield>
		</marc:datafield>
		<marc:datafield tag="338" ind1=" " ind2=" ">
			<marc:subfield code="a">volume</marc:subfield>
			<marc:subfield code="b">nc</marc:subfield>
			<marc:subfield code="0">http://rdaregistry.info/termList/RDACarrierType/1049</marc:subfield>
			<marc:subfield code="2">rdacarrier</marc:subfield>
		</marc:datafield>
		<marc:datafield tag="380" ind1=" " ind2=" ">
			<marc:subfield code="a">Short story</marc:subfield>
			<marc:subfield code="0">http://id.loc.gov/vocabulary/marcgt/sho</marc:subfield>
			<marc:subfield code="2">LCSH </marc:subfield>
		</marc:datafield>
		<marc:datafield tag="505" ind1="0" ind2=" ">
			<marc:subfield code="a">Never sleep in a bed facing a mirror -- A spot of folly -- The price of joy -- The irony of hate -- Digby's wives -- The haunting of Shawley Rectory -- A drop too much -- The thief -- The long corridor of time -- In the time of his prosperity -- Trebuchet.</marc:subfield>
		</marc:datafield>
		<marc:datafield tag="655" ind1=" " ind2="4">
			<marc:subfield code="a">Kriminal</marc:subfield>
		</marc:datafield>
		<marc:datafield tag="655" ind1=" " ind2="7">
			<marc:subfield code="a">Noveller</marc:subfield>
		</marc:datafield>
		<marc:datafield tag="700" ind1="1" ind2=" ">
			<marc:subfield code="a">Hannah, Sophie</marc:subfield>
			<marc:subfield code="d">1971-</marc:subfield>
			<marc:subfield code="i">http://rdaregistry.info/Elements/a/datatype/P50131</marc:subfield>
			<marc:subfield code="0">http://viaf.org/viaf/5164377</marc:subfield>
			<marc:subfield code="4">oth</marc:subfield>
		</marc:datafield>
		<marc:datafield tag="900" ind1="1" ind2="s">
			<marc:subfield code="6">100</marc:subfield>
			<marc:subfield code="a">Rendell of Babergh, Ruth Rendell,</marc:subfield>
			<marc:subfield code="c">Baroness,</marc:subfield>
			<marc:subfield code="d">1930-2015</marc:subfield>
			<marc:subfield code="u">Rendell, Ruth,</marc:subfield>
			<marc:subfield code="d">1930-2015</marc:subfield>
		</marc:datafield>
		<marc:datafield tag="900" ind1="1" ind2="s">
			<marc:subfield code="6">100</marc:subfield>
			<marc:subfield code="a">Grasemann, Ruth Barbara,</marc:subfield>
			<marc:subfield code="d">1930-2015</marc:subfield>
			<marc:subfield code="u">Rendell, Ruth,</marc:subfield>
			<marc:subfield code="d">1930-2015</marc:subfield>
		</marc:datafield>
		<marc:datafield tag="900" ind1="1" ind2="k">
			<marc:subfield code="6">100</marc:subfield>
			<marc:subfield code="a">Vine, Barbara,</marc:subfield>
			<marc:subfield code="d">1930-2015</marc:subfield>
			<marc:subfield code="u">Rendell, Ruth,</marc:subfield>
			<marc:subfield code="d">1930-2015</marc:subfield>
		</marc:datafield>
	</marc:record>