
	<marc:record>
		<marc:leader>01263aam a22003011a 4500</marc:leader>
		<marc:controlfield tag="001">018577209</marc:controlfield>
		<marc:controlfield tag="003">Uk</marc:controlfield>
		<marc:controlfield tag="006">m    ||  d |      </marc:controlfield>
		<marc:controlfield tag="007">cr |||||||||||</marc:controlfield>
		<marc:controlfield tag="008">120110r20112011meu     o     000 1 eng d</marc:controlfield>
		<marc:datafield tag="020" ind1=" " ind2=" ">
			<marc:subfield code="a">9780385671637</marc:subfield>
			<marc:subfield code="q">(electronic bk.)</marc:subfield>
		</marc:datafield>
		<marc:datafield tag="020" ind1=" " ind2=" ">
			<marc:subfield code="a">0385671636</marc:subfield>
			<marc:subfield code="q">(electronic bk.)</marc:subfield>
		</marc:datafield>
		<marc:datafield tag="020" ind1=" " ind2=" ">
			<marc:subfield code="a">9781409049975</marc:subfield>
			<marc:subfield code="q">(electronic bk.)</marc:subfield>
		</marc:datafield>
		<marc:datafield tag="020" ind1=" " ind2=" ">
			<marc:subfield code="a">1409049973</marc:subfield>
			<marc:subfield code="q">(electronic bk.)</marc:subfield>
		</marc:datafield>
		<marc:datafield tag="100" ind1="1" ind2=" ">
			<marc:subfield code="a">Rendell, Ruth,</marc:subfield>
			<marc:subfield code="d">1930-2015,</marc:subfield>
			<marc:subfield code="0">http://viaf.org/viaf/120719476,</marc:subfield>
			<marc:subfield code="4">aut</marc:subfield>
		</marc:datafield>
		<marc:datafield tag="240" ind1="1" ind2="4">
			<marc:subfield code="a">The vault.</marc:subfield>
			<marc:subfield code="l">Engelsk</marc:subfield>
			<marc:subfield code="0">https://www.wikidata.org/wiki/Q7772099</marc:subfield>
		</marc:datafield>
		<marc:datafield tag="245" ind1="1" ind2="4">
			<marc:subfield code="a">The vault /</marc:subfield>
			<marc:subfield code="c">Ruth Rendell.</marc:subfield>
		</marc:datafield>
		<marc:datafield tag="260" ind1=" " ind2=" ">
			<marc:subfield code="a">[Place of publication not identified] :</marc:subfield>
			<marc:subfield code="b">[publisher not identified],</marc:subfield>
			<marc:subfield code="c">2011.</marc:subfield>
		</marc:datafield>
		<marc:datafield tag="300" ind1=" " ind2=" ">
			<marc:subfield code="a">1 online resource.</marc:subfield>
		</marc:datafield>
		<marc:datafield tag="336" ind1=" " ind2=" ">
			<marc:subfield code="a">text</marc:subfield>
			<marc:subfield code="b">txt</marc:subfield>
			<marc:subfield code="0">http://rdaregistry.info/termList/RDAContentType/1020</marc:subfield>
			<marc:subfield code="2">rdacontent</marc:subfield>
		</marc:datafield>
		<marc:datafield tag="337" ind1=" " ind2=" ">
			<marc:subfield code="a">computer</marc:subfield>
			<marc:subfield code="b">txt</marc:subfield>
			<marc:subfield code="0">http://rdaregistry.info/termList/RDAMediaType/1003</marc:subfield>
			<marc:subfield code="2">rdamedia</marc:subfield>
		</marc:datafield>
		<marc:datafield tag="338" ind1=" " ind2=" ">
			<marc:subfield code="a">online resource</marc:subfield>
			<marc:subfield code="b">cr</marc:subfield>
			<marc:subfield code="0">http://rdaregistry.info/termList/RDACarrierType/1018</marc:subfield>
			<marc:subfield code="2">rdacarrier</marc:subfield>
		</marc:datafield>
		<marc:datafield tag="380" ind1=" " ind2=" ">
			<marc:subfield code="a">Novel</marc:subfield>
			<marc:subfield code="0">http://id.loc.gov/vocabulary/marcgt/nov</marc:subfield>
			<marc:subfield code="2">LCSH</marc:subfield>
		</marc:datafield>
		<marc:datafield tag="490" ind1="0" ind2=" ">
			<marc:subfield code="a"> Wexford serien</marc:subfield>
		</marc:datafield>
		<marc:datafield tag="500" ind1=" " ind2=" ">
			<marc:subfield code="a">Electronic book.</marc:subfield>
		</marc:datafield>
		<marc:datafield tag="600" ind1="1" ind2="4">
			<marc:subfield code="a">Wexford, Reginald,</marc:subfield>
			<marc:subfield code="c">fiktiv person</marc:subfield>
			<marc:subfield code="0">https://www.wikidata.org/wiki/Q2040972&lt;/marc:subfield&gt;</marc:subfield>
		</marc:datafield>
		<marc:datafield tag="655" ind1=" " ind2="4">
			<marc:subfield code="a">Kriminal</marc:subfield>
		</marc:datafield>
		<marc:datafield tag="655" ind1=" " ind2="4">
			<marc:subfield code="a">E-bøker</marc:subfield>
		</marc:datafield>
	</marc:record>