
	<!--	<marc:record>
		<marc:leader>00738nam a2200205 a 450 </marc:leader>
		<marc:controlfield tag="001">0160090</marc:controlfield>
		<marc:controlfield tag="008">000411b                       0  1 nob  </marc:controlfield>
		<marc:datafield tag="020" ind1=" " ind2=" ">
			<marc:subfield code="a">82-421-0875-7</marc:subfield>
		</marc:datafield>
		<marc:datafield tag="041" ind1=" " ind2=" ">
			<marc:subfield code="h">eng</marc:subfield>
		</marc:datafield>
		<marc:datafield tag="100" ind1="1" ind2=" ">
			<marc:subfield code="a">Christie, Agatha,</marc:subfield>
			<marc:subfield code="d">1890-1976,</marc:subfield>
			<marc:subfield code="4">aut</marc:subfield>
			<marc:subfield code="0">http://viaf.org/viaf/71388952</marc:subfield>
		</marc:datafield>
		<marc:datafield tag="245" ind1="1" ind2="0">
			<marc:subfield code="a">4.50 fra Paddington /</marc:subfield>
			<marc:subfield code="c">Agatha Christie ; [oversatt av Tor Stokke ; musikk: Sigurd Jansen] ; NRK radioteatret</marc:subfield>
			<marc:subfield code="h">lydopptak</marc:subfield>
		</marc:datafield>
		<marc:datafield tag="260" ind1=" " ind2=" ">
			<marc:subfield code="a">[Melhus] :</marc:subfield>
			<marc:subfield code="b">Lydbokforl.,</marc:subfield>
			<marc:subfield code="c">2000</marc:subfield>
		</marc:datafield>
		<marc:datafield tag="300" ind1=" " ind2=" ">
			<marc:subfield code="a">2 kompaktplater (1 t, 55 min) ;</marc:subfield>
			<marc:subfield code="c">i eske</marc:subfield>
		</marc:datafield>
		<marc:datafield tag="500" ind1=" " ind2=" ">
			<marc:subfield code="a">Musikk: Sigurd Jansen</marc:subfield>
		</marc:datafield>
		<marc:datafield tag="500" ind1=" " ind2=" ">
			<marc:subfield code="a">Oversatt av Tor Stokke</marc:subfield>
		</marc:datafield>
		<marc:datafield tag="534" ind1=" " ind2=" ">
			<marc:subfield code="a">Originaltitler: 4.50 from Paddington</marc:subfield>
		</marc:datafield>
		<marc:datafield tag="655" ind1=" " ind2="4">
			<marc:subfield code="a">Kriminal</marc:subfield>
		</marc:datafield>
		<marc:datafield tag="700" ind1="1" ind2="2">
			<marc:subfield code="a">Bakewell, Michael,</marc:subfield>
			<marc:subfield code="e">reg.</marc:subfield>
		</marc:datafield>
		<marc:datafield tag="710" ind1="1" ind2=" ">
			<marc:subfield code="a">NRK.</marc:subfield>
			<marc:subfield code="b">Radioteatret</marc:subfield>
		</marc:datafield>
		<marc:datafield tag="740" ind1="0" ind2=" ">
			<marc:subfield code="a">4.50 from Paddington</marc:subfield>
		</marc:datafield>
	</marc:record>