
	<marc:record>
		<marc:leader>01338cgm a22003255a 4500</marc:leader>
		<marc:controlfield tag="001">13029109</marc:controlfield>
		<marc:controlfield tag="008">021212s2001    mdu153            vleng d</marc:controlfield>
		<marc:datafield tag="010" ind1=" " ind2=" ">
			<marc:subfield code="a">  2002319533</marc:subfield>
		</marc:datafield>
		<marc:datafield tag="020" ind1=" " ind2=" ">
			<marc:subfield code="a">1569384827</marc:subfield>
		</marc:datafield>
		<marc:datafield tag="245" ind1="0" ind2="0">
			<marc:subfield code="a">Agatha Christie's Poirot.</marc:subfield>
			<marc:subfield code="n">Collector's set 10</marc:subfield>
			<marc:subfield code="h">[videorecording] /</marc:subfield>
			<marc:subfield code="c">London Weekend Television ; producer, Brian Eastman, director, Renny Rye.</marc:subfield>
		</marc:datafield>
		<marc:datafield tag="246" ind1="3" ind2="0">
			<marc:subfield code="a">Poirot</marc:subfield>
		</marc:datafield>
		<marc:datafield tag="260" ind1=" " ind2=" ">
			<marc:subfield code="a">Silver Spring, MD :</marc:subfield>
			<marc:subfield code="b">Acorn Media,</marc:subfield>
			<marc:subfield code="c">c2001.</marc:subfield>
		</marc:datafield>
		<marc:datafield tag="300" ind1=" " ind2=" ">
			<marc:subfield code="a">3 videocassettes (ca. 51 min. each) :</marc:subfield>
			<marc:subfield code="b">sd., col. ;</marc:subfield>
			<marc:subfield code="c">1/2 in.</marc:subfield>
		</marc:datafield>
		<marc:datafield tag="538" ind1=" " ind2=" ">
			<marc:subfield code="a">VHS.</marc:subfield>
		</marc:datafield>
		<marc:datafield tag="511" ind1="1" ind2=" ">
			<marc:subfield code="a">David Suchet, Hugh Fraser, Pauline Moran.</marc:subfield>
		</marc:datafield>
		<marc:datafield tag="505" ind1="0" ind2=" ">
			<marc:subfield code="a">Adventure of Johnnie Waverly, Four and twenty blackbirds, Murder in the mews.</marc:subfield>
		</marc:datafield>
		<marc:datafield tag="600" ind1="1" ind2="0">
			<marc:subfield code="a">Poirot, Hercule,</marc:subfield>
			<marc:subfield code="c">fiktiv person</marc:subfield>
			<marc:subfield code="0">http://viaf.org/viaf/111145541825196601000</marc:subfield>
		</marc:datafield>
		<marc:datafield tag="650" ind1="2" ind2="4">
			<marc:subfield code="a">Poirot, Hercule</marc:subfield>
			<marc:subfield code="c">fiktiv person</marc:subfield>
		</marc:datafield>
		<marc:datafield tag="655" ind1=" " ind2="4">
			<marc:subfield code="a">Kriminal</marc:subfield>
		</marc:datafield>
		<marc:datafield tag="700" ind1="1" ind2=" ">
			<marc:subfield code="a">Christie, Agatha,</marc:subfield>
			<marc:subfield code="d">1890-1976.</marc:subfield>
		</marc:datafield>
		<marc:datafield tag="700" ind1="1" ind2=" ">
			<marc:subfield code="a">Rye, Renny.</marc:subfield>
		</marc:datafield>
		<marc:datafield tag="700" ind1="1" ind2=" ">
			<marc:subfield code="a">Suchet, David.</marc:subfield>
			<marc:subfield code="4">act</marc:subfield>
			<marc:subfield code="0">http://viaf.org/viaf/85684285</marc:subfield>
		</marc:datafield>
		<marc:datafield tag="700" ind1="1" ind2=" ">
			<marc:subfield code="a">Fraser, Hugh.</marc:subfield>
			<marc:subfield code="4">act</marc:subfield>
			<marc:subfield code="0">http://viaf.org/viaf/46358485</marc:subfield>
		</marc:datafield>
		<marc:datafield tag="700" ind1="1" ind2=" ">
			<marc:subfield code="a">Moran, Pauline.</marc:subfield>
			<marc:subfield code="4">act</marc:subfield>
			<marc:subfield code="0">http://viaf.org/viaf/301608155</marc:subfield>
		</marc:datafield>
		<marc:datafield tag="710" ind1="2" ind2=" ">
			<marc:subfield code="a">London Weekend Television (Firm)</marc:subfield>
		</marc:datafield>
		<marc:datafield tag="710" ind1="2" ind2=" ">
			<marc:subfield code="a">Acorn Media (Firm)</marc:subfield>
		</marc:datafield>
		<marc:datafield tag="730" ind1="0" ind2=" ">
			<marc:subfield code="a">Mystery (Television program)</marc:subfield>
		</marc:datafield>
		<marc:datafield tag="740" ind1="0" ind2="2">
			<marc:subfield code="a">Adventure of Johnnie Waverly.</marc:subfield>
		</marc:datafield>
		<marc:datafield tag="740" ind1="0" ind2="2">
			<marc:subfield code="a">Four and twenty blackbirds.</marc:subfield>
		</marc:datafield>
		<marc:datafield tag="740" ind1="0" ind2="2">
			<marc:subfield code="a">Murder in the mews.</marc:subfield>
		</marc:datafield>
	</marc:record>