
	<marc:record>
		<marc:leader>01410cgm a22003373a 4500</marc:leader>
		<marc:controlfield tag="001">13898597</marc:controlfield>
		<marc:controlfield tag="007">vf cbaho|</marc:controlfield>
		<marc:controlfield tag="008">050314s2001    xxu051        |   vleng  </marc:controlfield>
		<marc:datafield tag="010" ind1=" " ind2=" ">
			<marc:subfield code="a">  2005640336</marc:subfield>
		</marc:datafield>
		<marc:datafield tag="245" ind1="0" ind2="0">
			<marc:subfield code="a">Agatha Christie's Poirot.</marc:subfield>
			<marc:subfield code="p">Four and twenty blackbirds /</marc:subfield>
			<marc:subfield code="c">[produced by] London Weekend Television ; director, Renny Rye ; producer, Brian Eastman ; dramatized by Clive Exton.</marc:subfield>
		</marc:datafield>
		<marc:datafield tag="246" ind1="3" ind2="0">
			<marc:subfield code="a">Four and twenty blackbirds</marc:subfield>
		</marc:datafield>
		<marc:datafield tag="246" ind1="3" ind2=" ">
			<marc:subfield code="a">4 and 20 blackbirds</marc:subfield>
		</marc:datafield>
		<marc:datafield tag="246" ind1="3" ind2=" ">
			<marc:subfield code="a">4 and twenty blackbirds</marc:subfield>
		</marc:datafield>
		<marc:datafield tag="257" ind1=" " ind2=" ">
			<marc:subfield code="a">Great Britain.</marc:subfield>
		</marc:datafield>
		<marc:datafield tag="260" ind1=" " ind2=" ">
			<marc:subfield code="a">Great Britain :</marc:subfield>
			<marc:subfield code="b">LWT,</marc:subfield>
			<marc:subfield code="c">1989 ;</marc:subfield>
			<marc:subfield code="a">United States :</marc:subfield>
			<marc:subfield code="b">Acorn Media,</marc:subfield>
			<marc:subfield code="c">2001.</marc:subfield>
		</marc:datafield>
		<marc:datafield tag="300" ind1=" " ind2=" ">
			<marc:subfield code="a">1 videocassette of 1 (VHS) (ca. 51 min.) :</marc:subfield>
			<marc:subfield code="b">sd., col. ;</marc:subfield>
			<marc:subfield code="c">1/2 in.</marc:subfield>
			<marc:subfield code="3">viewing copy.</marc:subfield>
		</marc:datafield>
		<marc:datafield tag="508" ind1=" " ind2=" ">
			<marc:subfield code="a">Executive producers, Nick Elliot, Linda Agran.</marc:subfield>
		</marc:datafield>
		<marc:datafield tag="511" ind1="1" ind2=" ">
			<marc:subfield code="a">David Suchet, Hugh Fraser, Philip Jackson, Pauline Moran.</marc:subfield>
		</marc:datafield>
		<marc:datafield tag="600" ind1="1" ind2="0">
			<marc:subfield code="a">Poirot, Hercule,</marc:subfield>
			<marc:subfield code="c">fiktiv person</marc:subfield>
			<marc:subfield code="0">http://viaf.org/viaf/111145541825196601000</marc:subfield>
		</marc:datafield>
		<marc:datafield tag="650" ind1="2" ind2="4">
			<marc:subfield code="a">Poirot, Hercule</marc:subfield>
			<marc:subfield code="c">fiktiv person</marc:subfield>
		</marc:datafield>
		<marc:datafield tag="655" ind1=" " ind2="4">
			<marc:subfield code="a">Kriminal</marc:subfield>
		</marc:datafield>
		<marc:datafield tag="700" ind1="1" ind2=" ">
			<marc:subfield code="a">Rye, Renny,</marc:subfield>
			<marc:subfield code="e">direction.</marc:subfield>
		</marc:datafield>
		<marc:datafield tag="700" ind1="1" ind2=" ">
			<marc:subfield code="a">Eastman, Brian,</marc:subfield>
			<marc:subfield code="e">production.</marc:subfield>
		</marc:datafield>
		<marc:datafield tag="700" ind1="1" ind2=" ">
			<marc:subfield code="a">Exton, Clive,</marc:subfield>
			<marc:subfield code="e">writing.</marc:subfield>
		</marc:datafield>
		<marc:datafield tag="700" ind1="1" ind2=" ">
			<marc:subfield code="a">Suchet, David,</marc:subfield>
			<marc:subfield code="e">cast.</marc:subfield>
		</marc:datafield>
		<marc:datafield tag="700" ind1="1" ind2=" ">
			<marc:subfield code="a">Fraser, Hugh,</marc:subfield>
			<marc:subfield code="e">cast.</marc:subfield>
		</marc:datafield>
		<marc:datafield tag="700" ind1="1" ind2=" ">
			<marc:subfield code="a">Jackson, Philip,</marc:subfield>
			<marc:subfield code="e">cast.</marc:subfield>
		</marc:datafield>
		<marc:datafield tag="700" ind1="1" ind2=" ">
			<marc:subfield code="a">Moran, Pauline,</marc:subfield>
			<marc:subfield code="e">cast.</marc:subfield>
		</marc:datafield>
		<marc:datafield tag="700" ind1="1" ind2=" ">
			<marc:subfield code="a">Christie, Agatha,</marc:subfield>
			<marc:subfield code="d">1890-1976.</marc:subfield>
		</marc:datafield>
		<marc:datafield tag="710" ind1="2" ind2=" ">
			<marc:subfield code="a">London Weekend Television (Firm)</marc:subfield>
		</marc:datafield>
		<marc:datafield tag="710" ind1="2" ind2=" ">
			<marc:subfield code="a">Copyright Collection (Library of Congress)</marc:subfield>
			<marc:subfield code="5">DLC</marc:subfield>
		</marc:datafield>
	</marc:record>