
	<marc:record>
		<marc:leader>00917cam a2200169u  4500</marc:leader>
		<marc:controlfield tag="001">9883026</marc:controlfield>
		<marc:controlfield tag="008">861009n        xx            000 0 eng  </marc:controlfield>
		<marc:datafield tag="010" ind1=" " ind2=" ">
			<marc:subfield code="a">fi 67001163 </marc:subfield>
		</marc:datafield>
		<marc:datafield tag="245" ind1="0" ind2="4">
			<marc:subfield code="a">The Alphabet murders [Motion picture]</marc:subfield>
		</marc:datafield>
		<marc:datafield tag="260" ind1=" " ind2=" ">
			<marc:subfield code="a">[n.p.]</marc:subfield>
			<marc:subfield code="b">Metro-Goldwyn-Mayer, 1965. Made by M. G. M. British Studios, Borehamwood, England.</marc:subfield>
		</marc:datafield>
		<marc:datafield tag="300" ind1=" " ind2=" ">
			<marc:subfield code="a">p. 90 min. sd. b&w. 35 mm.</marc:subfield>
		</marc:datafield>
		<marc:datafield tag="500" ind1=" " ind2=" ">
			<marc:subfield code="a">Based on the novel The A. B. C. murders, by Agatha Christie.</marc:subfield>
		</marc:datafield>
		<marc:datafield tag="500" ind1=" " ind2=" ">
			<marc:subfield code="a">CREDITS: Producer, Lawrence P. Bachmann; director, Frank Tashlin; screenplay, David Pursall, Jack Seddon; music, Ron Goodwin; director of photography, Desmond Dickinson; film editor, John Victor Smith. CAST: Tony Randall, Anita Ekberg, Robert Morley, Maurice Denham, Guy Rolfe.</marc:subfield>
		</marc:datafield>
		<marc:datafield tag="650" ind1="2" ind2="4">
			<marc:subfield code="a">Poirot, Hercule</marc:subfield>
			<marc:subfield code="c">fiktiv person</marc:subfield>
		</marc:datafield>
		<marc:datafield tag="655" ind1=" " ind2="4">
			<marc:subfield code="a">Kriminal</marc:subfield>
		</marc:datafield>
		<marc:datafield tag="700" ind1="1" ind2=" ">
			<marc:subfield code="a">Christie, Agatha,</marc:subfield>
			<marc:subfield code="d">1890-1976.</marc:subfield>
			<marc:subfield code="t">A. B. C. murders</marc:subfield>
			<marc:subfield code="l">engelsk</marc:subfield>
			<marc:subfield code="0">http://viaf.org/viaf/308552019</marc:subfield>
		</marc:datafield>
		<marc:datafield tag="710" ind1="2" ind2=" ">
			<marc:subfield code="a">Metro-Goldwyn-Mayer.</marc:subfield>
		</marc:datafield>
	</marc:record>