
	<marc:record>
		<marc:leader>00932nam a2200217 a 450 </marc:leader>
		<marc:controlfield tag="001">0391946</marc:controlfield>
		<marc:controlfield tag="008">090312b                          1 nob  </marc:controlfield>
		<marc:datafield tag="020" ind1=" " ind2=" ">
			<marc:subfield code="a">978-82-03-21040-2</marc:subfield>
		</marc:datafield>
		<marc:datafield tag="041" ind1=" " ind2=" ">
			<marc:subfield code="h">eng</marc:subfield>
		</marc:datafield>
		<marc:datafield tag="100" ind1="1" ind2=" ">
			<marc:subfield code="a">Christie, Agatha,</marc:subfield>
			<marc:subfield code="d">1890-1976,</marc:subfield>
			<marc:subfield code="4">aut</marc:subfield>
			<marc:subfield code="0">http://viaf.org/viaf/71388952</marc:subfield>
		</marc:datafield>
		<marc:datafield tag="245" ind1="1" ind2="0">
			<marc:subfield code="a">Brevet som drepte ; Den forsvunne domprost ; Liket i biblioteket /</marc:subfield>
			<marc:subfield code="c">Agatha Christie ; [Brevet som drepte] oversatt av Mette Asbach ; [Den forsvunne domprost] oversatt av Jacob Brinchmann ; [Liket i biblioteket] oversatt av Axel S. Seeberg</marc:subfield>
		</marc:datafield>
		<marc:datafield tag="260" ind1=" " ind2=" ">
			<marc:subfield code="a">Oslo :</marc:subfield>
			<marc:subfield code="b">Aschehoug,</marc:subfield>
			<marc:subfield code="c">2007</marc:subfield>
		</marc:datafield>
		<marc:datafield tag="300" ind1=" " ind2=" ">
			<marc:subfield code="a">635 s.</marc:subfield>
		</marc:datafield>
		<marc:datafield tag="503" ind1=" " ind2=" ">
			<marc:subfield code="a">1. norske utg.hhv: 1974, 1969 og 1947</marc:subfield>
		</marc:datafield>
		<marc:datafield tag="534" ind1=" " ind2=" ">
			<marc:subfield code="a">Originaltitler: The secret of the chimneys ; At Bertram's Hotel ; The body in the library</marc:subfield>
		</marc:datafield>
		<marc:datafield tag="655" ind1=" " ind2="4">
			<marc:subfield code="a">Kriminal</marc:subfield>
		</marc:datafield>
		<marc:datafield tag="740" ind1="0" ind2="2">
			<marc:subfield code="a">At Bertram's Hotel</marc:subfield>
		</marc:datafield>
		<marc:datafield tag="740" ind1="0" ind2="2">
			<marc:subfield code="a">Liket i biblioteket</marc:subfield>
		</marc:datafield>
		<marc:datafield tag="740" ind1="4" ind2="2">
			<marc:subfield code="a">Den forsvunne domprost</marc:subfield>
		</marc:datafield>
		<marc:datafield tag="740" ind1="4" ind2="2">
			<marc:subfield code="a">The body in the library</marc:subfield>
		</marc:datafield>
		<marc:datafield tag="740" ind1="4" ind2="2">
			<marc:subfield code="a">The secret of the chimneys</marc:subfield>
		</marc:datafield>
	</marc:record>