
	<marc:record>
		<marc:leader>00593cam a2200169 a 4500</marc:leader>
		<marc:controlfield tag="001">1022473</marc:controlfield>
		<marc:controlfield tag="008">880811s1989    nyu           000 1 eng  </marc:controlfield>
		<marc:datafield tag="010" ind1=" " ind2=" ">
			<marc:subfield code="a">   88040075 </marc:subfield>
		</marc:datafield>
		<marc:datafield tag="020" ind1=" " ind2=" ">
			<marc:subfield code="a">0892963557</marc:subfield>
		</marc:datafield>
		<marc:datafield tag="082" ind1="0" ind2="0">
			<marc:subfield code="a">823/.0872/08</marc:subfield>
			<marc:subfield code="2">19</marc:subfield>
		</marc:datafield>
		<marc:datafield tag="245" ind1="0" ind2="0">
			<marc:subfield code="a">English country house murders :</marc:subfield>
			<marc:subfield code="b">tales of perfidious albion /</marc:subfield>
			<marc:subfield code="c">by Agatha Christie ... [et al.] ; edited and introduced by Thomas Godfrey.</marc:subfield>
		</marc:datafield>
		<marc:datafield tag="260" ind1=" " ind2=" ">
			<marc:subfield code="a">New York :</marc:subfield>
			<marc:subfield code="b">Mysterious Press,</marc:subfield>
			<marc:subfield code="c">c1989.</marc:subfield>
		</marc:datafield>
		<marc:datafield tag="300" ind1=" " ind2=" ">
			<marc:subfield code="a">xvii, 348 p. ;</marc:subfield>
			<marc:subfield code="c">24 cm.</marc:subfield>
		</marc:datafield>
		<marc:datafield tag="650" ind1="2" ind2="4">
			<marc:subfield code="a">Poirot, Hercule</marc:subfield>
			<marc:subfield code="c">fiktiv person</marc:subfield>
		</marc:datafield>
		<marc:datafield tag="655" ind1=" " ind2="4">
			<marc:subfield code="a">Kriminal</marc:subfield>
		</marc:datafield>
		<marc:datafield tag="700" ind1="1" ind2=" ">
			<marc:subfield code="a">Christie, Agatha,</marc:subfield>
			<marc:subfield code="d">1890-1976.</marc:subfield>
		</marc:datafield>
		<marc:datafield tag="700" ind1="1" ind2=" ">
			<marc:subfield code="a">Godfrey, Thomas,</marc:subfield>
			<marc:subfield code="d">1945-</marc:subfield>
		</marc:datafield>
	</marc:record>