
	<marc:record>
		<marc:leader>01046aam a22002891i 4500</marc:leader>
		<marc:controlfield tag="001">019254170</marc:controlfield>
		<marc:controlfield tag="003">Uk</marc:controlfield>
		<marc:controlfield tag="006">m    ||  d |      </marc:controlfield>
		<marc:controlfield tag="007">cr |||||||||||</marc:controlfield>
		<marc:controlfield tag="008">161212s2010    xx      o     000 1 eng d</marc:controlfield>
		<marc:datafield tag="020" ind1=" " ind2=" ">
			<marc:subfield code="a">9780007422371</marc:subfield>
			<marc:subfield code="q">(electronic bk.)</marc:subfield>
		</marc:datafield>
		<marc:datafield tag="020" ind1=" " ind2=" ">
			<marc:subfield code="a">0007422377</marc:subfield>
			<marc:subfield code="q">(electronic bk.)</marc:subfield>
		</marc:datafield>
		<marc:datafield tag="020" ind1=" " ind2=" ">
			<marc:subfield code="z">9780007120697</marc:subfield>
		</marc:datafield>
		<marc:datafield tag="100" ind1="1" ind2=" ">
			<marc:subfield code="a">Christie, Agatha,</marc:subfield>
			<marc:subfield code="d">1890-1976,</marc:subfield>
			<marc:subfield code="4">aut</marc:subfield>
			<marc:subfield code="0">http://viaf.org/viaf/71388952.</marc:subfield>
		</marc:datafield>
		<marc:datafield tag="245" ind1="1" ind2="0">
			<marc:subfield code="a">Hercule Poirot's Christmas /</marc:subfield>
			<marc:subfield code="c">Agatha Christie.</marc:subfield>
		</marc:datafield>
		<marc:datafield tag="264" ind1=" " ind2="1">
			<marc:subfield code="a">[Place of publication not identified] :</marc:subfield>
			<marc:subfield code="b">HarperCollins Publishers,</marc:subfield>
			<marc:subfield code="c">2010.</marc:subfield>
		</marc:datafield>
		<marc:datafield tag="300" ind1=" " ind2=" ">
			<marc:subfield code="a">1 online resource (336 sider).</marc:subfield>
		</marc:datafield>
		<marc:datafield tag="336" ind1=" " ind2=" ">
			<marc:subfield code="a">text</marc:subfield>
			<marc:subfield code="2">rdacontent</marc:subfield>
		</marc:datafield>
		<marc:datafield tag="337" ind1=" " ind2=" ">
			<marc:subfield code="a">computer</marc:subfield>
			<marc:subfield code="2">rdamedia</marc:subfield>
		</marc:datafield>
		<marc:datafield tag="338" ind1=" " ind2=" ">
			<marc:subfield code="a">online resource</marc:subfield>
			<marc:subfield code="2">rdacarrier</marc:subfield>
		</marc:datafield>
		<marc:datafield tag="490" ind1="1" ind2=" ">
			<marc:subfield code="a">A classic Hercule Poirot myster.</marc:subfield>
		</marc:datafield>
		<marc:datafield tag="500" ind1=" " ind2=" ">
			<marc:subfield code="a">Electronic book.</marc:subfield>
		</marc:datafield>
		<marc:datafield tag="600" ind1="1" ind2="4">
			<marc:subfield code="a">Poirot, Hercule,</marc:subfield>
			<marc:subfield code="c">fiktiv person</marc:subfield>
			<marc:subfield code="0">http://viaf.org/viaf/111145541825196601000</marc:subfield>
		</marc:datafield>
		<marc:datafield tag="650" ind1="2" ind2="4">
			<marc:subfield code="a">Poirot, Hercule</marc:subfield>
			<marc:subfield code="c">fiktiv person.</marc:subfield>
		</marc:datafield>
		<marc:datafield tag="655" ind1=" " ind2="4">
			<marc:subfield code="a">Kriminal</marc:subfield>
		</marc:datafield>
		<marc:datafield tag="655" ind1=" " ind2="4">
			<marc:subfield code="a">Electronic books.</marc:subfield>
		</marc:datafield>
		<marc:datafield tag="800" ind1="1" ind2=" ">
			<marc:subfield code="a">Christie, Agatha,</marc:subfield>
			<marc:subfield code="d">1890-1976.</marc:subfield>
			<marc:subfield code="t">Hercule Poirot mysteries.</marc:subfield>
		</marc:datafield>
	</marc:record>