
	<marc:record>
		<marc:leader>00971cam a2200181u  4500</marc:leader>
		<marc:controlfield tag="001">10324201</marc:controlfield>
		<marc:controlfield tag="008">861009s1961    xx            000 0 eng  </marc:controlfield>
		<marc:datafield tag="010" ind1=" " ind2=" ">
			<marc:subfield code="a">fi 64001102 </marc:subfield>
		</marc:datafield>
		<marc:datafield tag="245" ind1="0" ind2="0">
			<marc:subfield code="a">Murder, she said</marc:subfield>
			<marc:subfield code="h">[Motion picture]</marc:subfield>
		</marc:datafield>
		<marc:datafield tag="260" ind1=" " ind2=" ">
			<marc:subfield code="a">[n.p.]</marc:subfield>
			<marc:subfield code="b">Metro-Goldwyn-Mayer British Studios, London. Released in the U. S. by Metro-Goldwyn-Mayer,</marc:subfield>
			<marc:subfield code="c">1961.</marc:subfield>
		</marc:datafield>
		<marc:datafield tag="300" ind1=" " ind2=" ">
			<marc:subfield code="a">86 min., sd., b&w, 35 mm.</marc:subfield>
		</marc:datafield>
		<marc:datafield tag="500" ind1=" " ind2=" ">
			<marc:subfield code="a">Based on the novel 4:50 from Paddington, by Agatha Christie, adapted by David Osborn.</marc:subfield>
		</marc:datafield>
		<marc:datafield tag="500" ind1=" " ind2=" ">
			<marc:subfield code="a">CREDITS: Producer, George H. Brown; director, George Pollock; screenplay, David Pursall, Jack Seddon; music, Ron Goodwin; director of photography, Geoffrey Faithfull; film editor, Ernest Walter. CAST: Margaret Rutherford, Arthur Kennedy, Muriel Pavlow, James Robertson Justice.</marc:subfield>
		</marc:datafield>
		<marc:datafield tag="650" ind1="2" ind2="4">
			<marc:subfield code="a">Poirot, Hercule</marc:subfield>
			<marc:subfield code="c">fiktiv person</marc:subfield>
		</marc:datafield>
		<marc:datafield tag="655" ind1=" " ind2="4">
			<marc:subfield code="a">Kriminal</marc:subfield>
		</marc:datafield>
		<marc:datafield tag="700" ind1="1" ind2=" ">
			<marc:subfield code="a">Christie, Agatha,</marc:subfield>
			<marc:subfield code="d">1890-1976.</marc:subfield>
			<marc:subfield code="t">4:50 from Paddington.</marc:subfield>
		</marc:datafield>
		<marc:datafield tag="710" ind1="2" ind2=" ">
			<marc:subfield code="a">Metro-Goldwyn-Mayer British Studios.</marc:subfield>
		</marc:datafield>
		<marc:datafield tag="710" ind1="2" ind2=" ">
			<marc:subfield code="a">Metro-Goldwyn-Mayer.</marc:subfield>
		</marc:datafield>
	</marc:record>