
	<marc:record>
		<marc:leader>00753pam a2200229 a 4500</marc:leader>
		<marc:controlfield tag="001">935295</marc:controlfield>
		<marc:controlfield tag="008">830715s1983    nyu           000 1 eng  </marc:controlfield>
		<marc:datafield tag="010" ind1=" " ind2=" ">
			<marc:subfield code="a">   83047845 </marc:subfield>
		</marc:datafield>
		<marc:datafield tag="020" ind1=" " ind2=" ">
			<marc:subfield code="a">0060390301 :</marc:subfield>
			<marc:subfield code="c">$13.95</marc:subfield>
		</marc:datafield>
		<marc:datafield tag="020" ind1=" " ind2=" ">
			<marc:subfield code="a">006039031X (jacket) :</marc:subfield>
			<marc:subfield code="c">$13.95</marc:subfield>
		</marc:datafield>
		<marc:datafield tag="082" ind1="0" ind2="0">
			<marc:subfield code="a">823/.0872/08</marc:subfield>
			<marc:subfield code="2">19</marc:subfield>
		</marc:datafield>
		<marc:datafield tag="245" ind1="0" ind2="4">
			<marc:subfield code="a">The Scoop & Behind the screen /</marc:subfield>
			<marc:subfield code="c">Agatha Christie ... [et al.] ; introduction by Julian Symons.</marc:subfield>
		</marc:datafield>
		<marc:datafield tag="250" ind1=" " ind2=" ">
			<marc:subfield code="a">1st U.S. ed.</marc:subfield>
		</marc:datafield>
		<marc:datafield tag="260" ind1=" " ind2=" ">
			<marc:subfield code="a">New York :</marc:subfield>
			<marc:subfield code="b">Harper & Row,</marc:subfield>
			<marc:subfield code="c">c1983.</marc:subfield>
		</marc:datafield>
		<marc:datafield tag="300" ind1=" " ind2=" ">
			<marc:subfield code="a">182 p. ;</marc:subfield>
			<marc:subfield code="c">22 cm.</marc:subfield>
		</marc:datafield>
		<marc:datafield tag="500" ind1=" " ind2=" ">
			<marc:subfield code="a">"A Cornelia & Michael Bessie book."</marc:subfield>
		</marc:datafield>
		<marc:datafield tag="650" ind1="2" ind2="4">
			<marc:subfield code="a">Poirot, Hercule</marc:subfield>
			<marc:subfield code="c">fiktiv person</marc:subfield>
		</marc:datafield>
		<marc:datafield tag="655" ind1=" " ind2="4">
			<marc:subfield code="a">Kriminal</marc:subfield>
		</marc:datafield>
		<marc:datafield tag="700" ind1="1" ind2=" ">
			<marc:subfield code="a">Christie, Agatha,</marc:subfield>
			<marc:subfield code="d">1890-1976.</marc:subfield>
		</marc:datafield>
		<marc:datafield tag="730" ind1="0" ind2=" ">
			<marc:subfield code="a">Scoop and Behind the screen.</marc:subfield>
		</marc:datafield>
		<marc:datafield tag="730" ind1="0" ind2="2">
			<marc:subfield code="a">Scoop.</marc:subfield>
			<marc:subfield code="f">1983.</marc:subfield>
		</marc:datafield>
		<marc:datafield tag="730" ind1="0" ind2="2">
			<marc:subfield code="a">Behind the screen.</marc:subfield>
			<marc:subfield code="f">1983.</marc:subfield>
		</marc:datafield>
	</marc:record>