
	<marc:record>
		<marc:leader>01258cam a22002653a 4500</marc:leader>
		<marc:controlfield tag="001">19262653</marc:controlfield>
		<marc:controlfield tag="008">160906s1944    xxu           000 0deng  </marc:controlfield>
		<marc:datafield tag="010" ind1=" " ind2=" ">
			<marc:subfield code="a">  2016657006</marc:subfield>
		</marc:datafield>
		<marc:datafield tag="245" ind1="0" ind2="0">
			<marc:subfield code="a">Ten little Indians.</marc:subfield>
		</marc:datafield>
		<marc:datafield tag="260" ind1=" " ind2=" ">
			<marc:subfield code="c">1944.</marc:subfield>
		</marc:datafield>
		<marc:datafield tag="300" ind1=" " ind2=" ">
			<marc:subfield code="a">1 v. (theater program).</marc:subfield>
		</marc:datafield>
		<marc:datafield tag="500" ind1=" " ind2=" ">
			<marc:subfield code="a">National Theatre, week beginning Monday evening, June 5, 1944, matinees Wednesday and Saturday at 2:30 p.m.</marc:subfield>
		</marc:datafield>
		<marc:datafield tag="500" ind1=" " ind2=" ">
			<marc:subfield code="a">Title devised by Library staff.</marc:subfield>
		</marc:datafield>
		<marc:datafield tag="500" ind1=" " ind2=" ">
			<marc:subfield code="a">Portrait of Claudia Morgan on front cover.</marc:subfield>
		</marc:datafield>
		<marc:datafield tag="500" ind1=" " ind2=" ">
			<marc:subfield code="a">Cast: Neil Fitzgerald, Georgia Harvey, Patrick O'Connor, Claudia Morgan, Michael Whalen, Anthony Kemble Cooper, J. Pat O'Malley, Nicholas Joy, Estelle Winwood, Halliwell Hobbes, Harry Worth.</marc:subfield>
		</marc:datafield>
		<marc:datafield tag="580" ind1=" " ind2=" ">
			<marc:subfield code="a">In: Richard L. Coe Theater Programs Collection (Library of Congress).</marc:subfield>
		</marc:datafield>
		<marc:datafield tag="650" ind1="2" ind2="4">
			<marc:subfield code="a">Poirot, Hercule</marc:subfield>
			<marc:subfield code="c">fiktiv person</marc:subfield>
		</marc:datafield>
		<marc:datafield tag="655" ind1=" " ind2="4">
			<marc:subfield code="a">Kriminal</marc:subfield>
		</marc:datafield>
		<marc:datafield tag="700" ind1="1" ind2=" ">
			<marc:subfield code="a">Morgan, Claudia.</marc:subfield>
		</marc:datafield>
		<marc:datafield tag="700" ind1="1" ind2=" ">
			<marc:subfield code="a">Courville, Albert de,</marc:subfield>
			<marc:subfield code="d">1887-1960.</marc:subfield>
		</marc:datafield>
		<marc:datafield tag="700" ind1="1" ind2=" ">
			<marc:subfield code="a">Christie, Agatha,</marc:subfield>
			<marc:subfield code="d">1890-1976.</marc:subfield>
			<marc:subfield code="t">And then there were none.</marc:subfield>
		</marc:datafield>
		<marc:datafield tag="710" ind1="2" ind2=" ">
			<marc:subfield code="a">E Street Theatre Corporation (Washington, D.C.)</marc:subfield>
		</marc:datafield>
		<marc:datafield tag="710" ind1="2" ind2=" ">
			<marc:subfield code="a">National Theatre Corporation (Washington, D.C.)</marc:subfield>
		</marc:datafield>
		<marc:datafield tag="710" ind1="2" ind2=" ">
			<marc:subfield code="a">Richard L. Coe Theater Programs Collection (Library of Congress)</marc:subfield>
			<marc:subfield code="5">DLC</marc:subfield>
		</marc:datafield>
		<marc:datafield tag="752" ind1=" " ind2=" ">
			<marc:subfield code="a">United States</marc:subfield>
			<marc:subfield code="b">District of Columbia</marc:subfield>
			<marc:subfield code="d">Washington.</marc:subfield>
		</marc:datafield>
	</marc:record>