
	<marc:record>
		<marc:leader>00633naa a22001811a 4500</marc:leader>
		<marc:controlfield tag="001">010524964</marc:controlfield>
		<marc:controlfield tag="003">UkOxU</marc:controlfield>
		<marc:controlfield tag="008">910722s1988    fr            000 0 fre d</marc:controlfield>
		<marc:datafield tag="041" ind1="1" ind2=" ">
			<marc:subfield code="a">fre</marc:subfield>
			<marc:subfield code="h">eng</marc:subfield>
		</marc:datafield>
		<marc:datafield tag="100" ind1="1" ind2=" ">
			<marc:subfield code="a">Christie, Agatha,</marc:subfield>
			<marc:subfield code="d">1890-1976,</marc:subfield>
			<marc:subfield code="4">aut</marc:subfield>
			<marc:subfield code="0">http://viaf.org/viaf/71388952.</marc:subfield>
		</marc:datafield>
		<marc:datafield tag="240" ind1="1" ind2="0">
			<marc:subfield code="a">Hollow.</marc:subfield>
			<marc:subfield code="l">French</marc:subfield>
		</marc:datafield>
		<marc:datafield tag="245" ind1="1" ind2="3">
			<marc:subfield code="a">Le vallon /</marc:subfield>
			<marc:subfield code="c">Agatha Christie ; adaptation et mise en scène de Simone Benmussa</marc:subfield>
		</marc:datafield>
		<marc:datafield tag="260" ind1=" " ind2=" ">
			<marc:subfield code="a">Paris :</marc:subfield>
			<marc:subfield code="b">L'Avant-Scène,</marc:subfield>
			<marc:subfield code="c">1988</marc:subfield>
		</marc:datafield>
		<marc:datafield tag="490" ind1="1" ind2=" ">
			<marc:subfield code="a">Avant-scène. Théâtre ;</marc:subfield>
			<marc:subfield code="v">825</marc:subfield>
		</marc:datafield>
		<marc:datafield tag="500" ind1=" " ind2=" ">
			<marc:subfield code="a">In: L'Avant-scène. Théâtre, 825, 1er mars 1988.</marc:subfield>
		</marc:datafield>
		<marc:datafield tag="655" ind1=" " ind2="4">
			<marc:subfield code="a">Kriminal</marc:subfield>
		</marc:datafield>
		<marc:datafield tag="700" ind1="1" ind2=" ">
			<marc:subfield code="a">Benmussa, Simone.</marc:subfield>
		</marc:datafield>
		<marc:datafield tag="830" ind1=" " ind2="0">
			<marc:subfield code="a">Avant-scène.</marc:subfield>
			<marc:subfield code="p">Théâtre ;</marc:subfield>
			<marc:subfield code="v">825</marc:subfield>
		</marc:datafield>
	</marc:record>-->
</marc:collection>
